%-------------------------------------------
%
%  Bibliography of Andrey Kravtsov
%
%-------------------------------------------
%%
%%  bibtexfile{
%%         author   = "Andrey V. Kravtsov",
%%         filename = "kravtsov.bib",
%%         email    = "akravtso at oddjob.uchicago.edu"
%%         }
%%
%
% publisher names
%
@string{AIP    ={AIP}}               
@string{AIP:adr={New York}}
@string{AP     ={Academic Press}}               
@string{AP:adr ={New York and London}}
@string{AV     ={Akademie Verlag}}               
@string{AV:adr ={Berlin}}
@string{AW     ={Addison--Wesley}}               
@string{AW:adr ={Reading, MA}}
@string{BH     ={Birkh{\"a}user}}                  
@string{BH:adr ={Basel}}
@string{BSV    ={Bayerischer Schulbuchverlag}}
@string{BSV:adr={M{\"u}nchen}}
@string{CG     ={Charles Griffin}}              
@string{CG:adr ={London}}
@string{CP     ={Clarendon Press}}              
@string{CP:adr ={Oxford}}
@string{CUP    ={Cambridge University Press}}   
@string{CUP:adr={Cambridge}}
@string{ChUP   ={Chicago University Press}}   
@string{ChUP:adr={Chicago}}   
@string{CHP    ={Chapman and Hall}}   
@string{CHP:adr={London}}
@string{DP     ={Dover Publications}}           
@string{DP:adr ={New York}}
@string{FR     ={W.~H.~Freeman \& Company}}           
@string{FR:adr ={San Francisco, London }}
@string{FV     ={Friedrich Vieweg \& Sohn}}           
@string{FV:adr ={Braunschweig/Wiesbaden}}
@string{GB     ={Gordon and Breach}}           
@string{GB:adr ={New York}}
@string{JW     ={John Wiley \& Sons}}          
@string{JW:adr ={Chichester}}
@string{HD     ={Harri Deutsch}}                
@string{HD:adr ={Thun, Frankfurt/Main}}
@string{KL     ={Kluwer Academic}}                
@string{KL:adr ={Dordrecht}}
@string{OUP    ={Oxford University Press}}   
@string{OUP:adr={Oxford}}
@string{PRj    ={Philipp Reclam jun.}}
@string{PRj:adr={Stuttgart}}
@string{PUP    ={Princeton University Press}}   
@string{PUP:adr={Princeton, New Jersey}}
@string{RPC    ={D.~Reidel Publishing Company}}   
@string{RPC:adr={}}
@string{SA     ={Spektrum Akademischer Verlag}} 
@string{SA:adr ={Heidelberg}}
@string{SP     ={Springer Verlag}}              
@string{SP:adr ={Berlin}}
@string{TB     ={Bernd G.\ Teubner}}              
@string{TB:adr ={Leipzig, Berlin}}
@string{VW     ={Vieweg}}
@string{VW:adr ={Braunschweig, Wiesbaden}}
@string{WS     ={World Scientific}}
@string{WS:adr ={Singapore}}
@string{dG     ={de Gruyter Verlag}}              
@string{dG:adr ={Berlin, New York}}

%journal names that may be redefined in the document preambel
@string{AA   ={\providecommand{\aanda}{Astron.\ Astrophys.}{\aanda}}}
@string{AAS  ={\providecommand{\aas}{Astron.\ Astrophys.\ Suppl.}{\aas}}}
@string{Afz  ={\providecommand{\afz}{Astrophysics}{\afz}}}
@string{AJ   ={\providecommand{\aj}{A.\ J.}{\aj}}}
@string{ApJ  ={\providecommand{\apj}{Ap.\ J.}{\apj}}}
@string{ApJL ={\providecommand{\apjl}{Ap.\ J.\ Lett.}{\apjl}}}
@string{ApJS ={\providecommand{\apjs}{Ap.\ J.\ Suppl.}{\apjs}}}
@string{ARAA ={\providecommand{\araa}{Ann.\ Rev.\ Astron.\ Astrophys.}{\araa}}}
@string{BAAS ={\providecommand{\baas}{Bull.\ American Astron.\ Soc.}{\baas}}}
@string{MNRAS={\providecommand{\mnras}{Mon.\ Not.\ Roy.\ Astron.\ Soc.}{\mnras}}}
@string{NAT  ={\providecommand{\nat}{Nature}{\nat}}}
@string{PASJ ={\providecommand{\pasj}{Publications of the Astronomical Society of Japan}{\pasj}}}
@string{PASA ={\providecommand{\pasa}{Publications of the Astronomical Society of Australia}{\pasa}}}
@string{PASP ={\providecommand{\pasp}{Publications of the Astronomical Society of the Pacific}{\pasp}}}
@string{AAP  ={Adv.\ Appl.\ Prob.}}
@string{AIAA ={AIAA}}
@string{AISM ={Ann.\ Inst.\ Statist.\ Math.}}
@string{AmJP ={Am.\ J.\ Phys.}}
@string{AmJM ={Am.\ J.\ Math.}}
@string{AMpa ={Ann.\ Math.\ pura appl.}}
@string{AMS  ={Ann.\ Math.\ Stat.}}
@string{AoM  ={Ann.\ of Math.}}
@string{AoS  ={Ann.\ of Stat.}}
@string{ApSt ={Appl.\ Statist.}}
@string{AsL  ={Astron.\ Lett.}}
@string{BC   ={Biol.\ Cybern.}}
@string{BJ   ={Biom.\ J.}}
@string{BIO  ={Biometrika}}
@string{BUMI ={Bollettino della Unione Matematica Italiana}}
@string{CAP  ={Comments Astrophys.}}
@string{CQG  ={Class.\ Quant.\ Grav.}}
@string{CRASP={C.\ R.\ Acad.\ Sci.\ Paris}}
@string{FR   ={Fractals}}
@string{GAFD ={Geophysical and Astrophysical Fluid Dynamics}}
@string{GRG  ={G.~R.~G.}}
@string{JAP  ={J.\ Appl.\ Prob.}}
@string{JASA ={J.\ Am.\ Statist.\ Assoc.}}
@string{JCPh ={J.\ Comput.\ Phys.}}
@string{jcp ={J.\ Comput.\ Phys.}}
@string{JChPh={J.\ Chem.\ Phys.}}
@string{JLMS ={J.\ London Math.\ Soc.}}
@string{JraM ={J.\ reine angew.\ Math.}}
@string{JRSS ={J.\ R.\ Stat.\ Soc.}}
@string{JSP  ={J.\ Stat.\ Phys.}}
@string{MatAn={Math.\ Ann.}}
@string{MatNa={Math.\ Nachr.}}
@string{MatOp={Math.\ Operationsforsch.\ u.\ Statist., Ser.\ Statist.}}
@string{MatSb={Mat.Sb.}}
@string{MfM  ={Mh.\ Math.}}
@string{MPCPS={Math.\ Proc.\ Camb.\ Phil.\ Soc.}}
@string{MSS  ={Matem.\ Sb.\ SSSR}}
@string{NA   ={New Astronomy}}
@string{PHA  ={Physica A}}
@string{PHD  ={Physica D}}
@string{PLA  ={Phys.\ Lett.\ A}}
@string{PLB  ={Phys.\ Lett.\ B}}
@string{PR   ={Phys.\ Rev.}}
@string{PRA  ={Phys.\ Rev.\ A}}
@string{PRB  ={Phys.\ Rev.\ B}}
@string{PRD  ={Phys.\ Rev.\ D}}
@string{PRL  ={Phys.\ Rev.\ Lett.}}
@string{PRRep={Philips Res.\ Rep.}}
@string{PRep ={Physics Rep.}}
@string{PSS  ={Planetary and Space Science}}
@string{PTP  ={Progr.\ Theor.\ Phys.}}
@string{SIAMScC  ={SIAM \ J. \ Stat. \ Comput.}}
@string{SAL  ={Sov.\ Astron.\ Lett.}}
@string{SCA  ={Science in China A}}
@string{SN   ={Statist.\ Neerlandica}}
@string{ST   ={Statistics}}
@string{TAMS ={Trans.\ Amer.\ Math.\ Soc.}}
@string{TPA  ={Theor.\ Prob.\ Appl.}}
@string{ZPB  ={Z.\ Physik B}}
@string{ZWG  ={Z.\ Wahrscheinlichkeitstheorie verw.\ Gebiete}}

@ARTICLE{lee_etal06,
   author = {{Lee}, H. and {Skillman}, E.~D. and {Cannon}, J.~M. and {Jackson}, D.~C. and 
	{Gehrz}, R.~D. and {Polomski}, E.~F. and {Woodward}, C.~E.},
    title = "{On Extending the Mass-Metallicity Relation of Galaxies by 2.5 Decades in Stellar Mass}",
  journal = {\apj},
   eprint = {astro-ph/0605036},
 keywords = {Galaxies: Dwarf, Galaxies: Evolution, Galaxies: Irregular, Infrared: Galaxies},
     year = 2006,
    month = aug,
   volume = 647,
    pages = {970-983},
      doi = {10.1086/505573},
   adsurl = {http://adsabs.harvard.edu/abs/2006ApJ...647..970L},
  adsnote = {Provided by the SAO/NASA Astrophysics Data System}
}

@ARTICLE{lotz_etal04,
   author = {{Lotz}, J.~M. and {Primack}, J. and {Madau}, P.},
    title = "{A New Nonparametric Approach to Galaxy Morphological Classification}",
  journal = {\aj},
   eprint = {astro-ph/0311352},
 keywords = {Galaxies: Fundamental Parameters, Galaxies: High-Redshift, Galaxies: Peculiar, Galaxies: Structure},
     year = 2004,
    month = jul,
   volume = 128,
    pages = {163-182},
      doi = {10.1086/421849},
   adsurl = {http://adsabs.harvard.edu/abs/2004AJ....128..163L},
  adsnote = {Provided by the SAO/NASA Astrophysics Data System}
}


@ARTICLE{fang_etal13,
   author = {{Fang}, J.~J. and {Faber}, S.~M. and {Koo}, D.~C. and {Dekel}, A.
	},
    title = "{A Link between Star Formation Quenching and Inner Stellar Mass Density in Sloan Digital Sky Survey Central Galaxies}",
  journal = {\apj},
archivePrefix = "arXiv",
   eprint = {1308.5224},
 keywords = {galaxies: bulges, galaxies: evolution, galaxies: fundamental parameters, galaxies: star formation, galaxies: structure},
     year = 2013,
    month = oct,
   volume = 776,
      eid = {63},
    pages = {63},
      doi = {10.1088/0004-637X/776/1/63},
   adsurl = {http://adsabs.harvard.edu/abs/2013ApJ...776...63F},
  adsnote = {Provided by the SAO/NASA Astrophysics Data System}
}

@ARTICLE{morganti_etal06,
   author = {{Morganti}, R. and {de Zeeuw}, P.~T. and {Oosterloo}, T.~A. and 
	{McDermid}, R.~M. and {Krajnovi{\'c}}, D. and {Cappellari}, M. and 
	{Kenn}, F. and {Weijmans}, A. and {Sarzi}, M.},
    title = "{Neutral hydrogen in nearby elliptical and lenticular galaxies: the continuing formation of early-type galaxies}",
  journal = {\mnras},
   eprint = {astro-ph/0606261},
 keywords = {galaxies: elliptical and lenticular, cD.~, galaxies: ISM , radio lines: galaxies},
     year = 2006,
    month = sep,
   volume = 371,
    pages = {157-169},
      doi = {10.1111/j.1365-2966.2006.10681.x},
   adsurl = {http://adsabs.harvard.edu/abs/2006MNRAS.371..157M},
  adsnote = {Provided by the SAO/NASA Astrophysics Data System}
}

@ARTICLE{conroy_etal15,
   author = {{Conroy}, C. and {van Dokkum}, P.~G. and {Kravtsov}, A.},
    title = "{Preventing Star Formation in Early-Type Galaxies with Late-Time Stellar Heating}",
  journal = {\apj},
archivePrefix = "arXiv",
   eprint = {1406.3026},
 keywords = {galaxies: elliptical and lenticular, cD, galaxies: evolution, galaxies: stellar content},
     year = 2015,
    month = apr,
   volume = 803,
      eid = {77},
    pages = {77},
      doi = {10.1088/0004-637X/803/2/77},
   adsurl = {http://adsabs.harvard.edu/abs/2015ApJ...803...77C},
  adsnote = {Provided by the SAO/NASA Astrophysics Data System}
}

@ARTICLE{leitner_kravtsov11,
   author = {{Leitner}, S.~N. and {Kravtsov}, A.~V.},
    title = "{Fuel Efficient Galaxies: Sustaining Star Formation with Stellar Mass Loss}",
  journal = {\apj},
archivePrefix = "arXiv",
   eprint = {1011.1252},
 keywords = {cosmology: theory, evolution, galaxies: evolution, methods: numerical, stars: formation, stars: mass-loss},
     year = 2011,
    month = jun,
   volume = 734,
      eid = {48},
    pages = {48},
      doi = {10.1088/0004-637X/734/1/48},
   adsurl = {http://adsabs.harvard.edu/abs/2011ApJ...734...48L},
  adsnote = {Provided by the SAO/NASA Astrophysics Data System}
}

@ARTICLE{anderson_etal15,
   author = {{Anderson}, M.~E. and {Gaspari}, M. and {White}, S.~D.~M. and 
	{Wang}, W. and {Dai}, X.},
    title = "{Unifying X-ray scaling relations from galaxies to clusters}",
  journal = {\mnras},
archivePrefix = "arXiv",
   eprint = {1409.6965},
 keywords = {galaxies: clusters: general, galaxies: groups: general, galaxies: haloes, X-rays: galaxies, X-rays: galaxies: clusters},
     year = 2015,
    month = jun,
   volume = 449,
    pages = {3806-3826},
      doi = {10.1093/mnras/stv437},
   adsurl = {http://adsabs.harvard.edu/abs/2015MNRAS.449.3806A},
  adsnote = {Provided by the SAO/NASA Astrophysics Data System}
}

@ARTICLE{ade_etal13,
   author = {{Ade}, P.~A.~R. and {Aghanim}, N. and 
	{Arnaud}, M. and {Planck Collaboration}},
    title = "{Planck intermediate results. XI. The gas content of dark matter halos: the Sunyaev-Zeldovich-stellar mass relation for locally brightest galaxies}",
  journal = {\aap},
archivePrefix = "arXiv",
   eprint = {1212.4131},
 keywords = {cosmology: observations, cosmic background radiation, large-scale structure of Universe, galaxies: clusters: general},
     year = 2013,
    month = sep,
   volume = 557,
      eid = {A52},
    pages = {A52},
      doi = {10.1051/0004-6361/201220941},
   adsurl = {http://adsabs.harvard.edu/abs/2013A%26A...557A..52P},
  adsnote = {Provided by the SAO/NASA Astrophysics Data System}
}

@ARTICLE{oosterloo_etal07,
   author = {{Oosterloo}, T.~A. and {Morganti}, R. and {Sadler}, E.~M. and 
	{van der Hulst}, T. and {Serra}, P.},
    title = "{Extended, regular HI structures around early-type galaxies}",
  journal = {\aap},
   eprint = {astro-ph/0701716},
 keywords = {galaxies: elliptical and lenticular, cD, galaxies: ISM, radio lines: galaxies},
     year = 2007,
    month = apr,
   volume = 465,
    pages = {787-798},
      doi = {10.1051/0004-6361:20066384},
   adsurl = {http://adsabs.harvard.edu/abs/2007A%26A...465..787O},
  adsnote = {Provided by the SAO/NASA Astrophysics Data System}
}

@ARTICLE{miller_bregman13,
   author = {{Miller}, M.~J. and {Bregman}, J.~N.},
    title = "{The Structure of the Milky Way's Hot Gas Halo}",
  journal = {\apj},
archivePrefix = "arXiv",
   eprint = {1305.2430},
 keywords = {Galaxy: halo, X-rays: diffuse background},
     year = 2013,
    month = jun,
   volume = 770,
      eid = {118},
    pages = {118},
      doi = {10.1088/0004-637X/770/2/118},
   adsurl = {http://adsabs.harvard.edu/abs/2013ApJ...770..118M},
  adsnote = {Provided by the SAO/NASA Astrophysics Data System}
}

@ARTICLE{gatto_etal13,
   author = {{Gatto}, A. and {Fraternali}, F. and {Read}, J.~I. and {Marinacci}, F. and 
	{Lux}, H. and {Walch}, S.},
    title = "{Unveiling the corona of the Milky Way via ram-pressure stripping of dwarf satellites}",
  journal = {\mnras},
archivePrefix = "arXiv",
   eprint = {1305.4176},
 primaryClass = "astro-ph.GA",
 keywords = {methods: numerical, Galaxy: evolution, Galaxy: halo, galaxies: dwarf, galaxies: evolution, galaxies: ISM},
     year = 2013,
    month = aug,
   volume = 433,
    pages = {2749-2763},
      doi = {10.1093/mnras/stt896},
   adsurl = {http://adsabs.harvard.edu/abs/2013MNRAS.433.2749G},
  adsnote = {Provided by the SAO/NASA Astrophysics Data System}
}

@ARTICLE{crain_etal10,
   author = {{Crain}, R.~A. and {McCarthy}, I.~G. and {Schaye}, J. and {Frenk}, C.~S. and 
	{Theuns}, T.},
    title = "{The similarity of observed X-ray coronae associated with L* disc and elliptical galaxies}",
  journal = {arXiv/1011.1906},
archivePrefix = "arXiv",
   eprint = {1011.1906},
 primaryClass = "astro-ph.CO",
 keywords = {Astrophysics - Cosmology and Extragalactic Astrophysics, Astrophysics - High Energy Astrophysical Phenomena},
     year = 2010,
    month = nov,
   adsurl = {http://adsabs.harvard.edu/abs/2010arXiv1011.1906C},
  adsnote = {Provided by the SAO/NASA Astrophysics Data System}
}

@ARTICLE{bogdan_etal13,
   author = {{Bogd{\'a}n}, {\'A}. and {Forman}, W.~R. and {Vogelsberger}, M. and 
	{Bourdin}, H. and {Sijacki}, D. and {Mazzotta}, P. and {Kraft}, R.~P. and 
	{Jones}, C. and {Gilfanov}, M. and {Churazov}, E. and {David}, L.~P.
	},
    title = "{Hot X-Ray Coronae around Massive Spiral Galaxies: A Unique Probe of Structure Formation Models}",
  journal = {\apj},
archivePrefix = "arXiv",
   eprint = {1212.0541},
 keywords = {galaxies: individual: NGC 1961 NGC 6753, galaxies: ISM, galaxies: spiral, X-rays: galaxies, X-rays: general, X-rays: ISM},
     year = 2013,
    month = aug,
   volume = 772,
      eid = {97},
    pages = {97},
      doi = {10.1088/0004-637X/772/2/97},
   adsurl = {http://adsabs.harvard.edu/abs/2013ApJ...772...97B},
  adsnote = {Provided by the SAO/NASA Astrophysics Data System}
}

@ARTICLE{geha_etal12,
   author = {{Geha}, M. and {Blanton}, M.~R. and {Yan}, R. and {Tinker}, J.~L.
	},
    title = "{A Stellar Mass Threshold for Quenching of Field Galaxies}",
  journal = {\apj},
archivePrefix = "arXiv",
   eprint = {1206.3573},
 keywords = {galaxies: dwarf, galaxies: stellar content, methods: statistical},
     year = 2012,
    month = sep,
   volume = 757,
      eid = {85},
    pages = {85},
      doi = {10.1088/0004-637X/757/1/85},
   adsurl = {http://adsabs.harvard.edu/abs/2012ApJ...757...85G},
  adsnote = {Provided by the SAO/NASA Astrophysics Data System}
}

@ARTICLE{toribio_etal11,
   author = {{Toribio}, M.~C. and {Solanes}, J.~M. and {Giovanelli}, R. and 
	{Haynes}, M.~P. and {Martin}, A.~M.},
    title = "{H I Content and Optical Properties of Field Galaxies from the ALFALFA Survey. II. Multivariate Analysis of a Galaxy Sample in Low-density Environments}",
  journal = {\apj},
archivePrefix = "arXiv",
   eprint = {1103.0990},
 keywords = {galaxies: fundamental parameters, galaxies: spiral, methods: statistical, radio lines: galaxies, surveys},
     year = 2011,
    month = may,
   volume = 732,
      eid = {93},
    pages = {93},
      doi = {10.1088/0004-637X/732/2/93},
   adsurl = {http://adsabs.harvard.edu/abs/2011ApJ...732...93T},
  adsnote = {Provided by the SAO/NASA Astrophysics Data System}
}

@ARTICLE{saintonge_etal11,
   author = {{Saintonge}, A. and {Kauffmann}, G. and {Kramer}, C. and {et al.}},
    title = "{COLD GASS, an IRAM legacy survey of molecular gas in massive galaxies - I. Relations between H$_{2}$, H I, stellar content and structural properties}",
  journal = {\mnras},
archivePrefix = "arXiv",
   eprint = {1103.1642},
 primaryClass = "astro-ph.CO",
 keywords = {surveys, galaxies: evolution, galaxies: fundamental parameters, galaxies: ISM, radio lines: galaxies},
     year = 2011,
    month = jul,
   volume = 415,
    pages = {32-60},
      doi = {10.1111/j.1365-2966.2011.18677.x},
   adsurl = {http://adsabs.harvard.edu/abs/2011MNRAS.415...32S},
  adsnote = {Provided by the SAO/NASA Astrophysics Data System}
}

@ARTICLE{elmegreen_etal02,
   author = {{Elmegreen}, D.~M. and {Elmegreen}, B.~G. and {Frogel}, J.~A. and 
	{Eskridge}, P.~B. and {Pogge}, R.~W. and {Gallagher}, A. and 
	{Iams}, J.},
    title = "{Arm Structure in Anemic Spiral Galaxies}",
  journal = {\aj},
   eprint = {astro-ph/0205105},
 keywords = {Galaxies: Clusters: Individual: Name: Virgo, Galaxies: Evolution, Galaxies: Spiral, Galaxies: Structure},
     year = 2002,
    month = aug,
   volume = 124,
    pages = {777-781},
      doi = {10.1086/341613},
   adsurl = {http://adsabs.harvard.edu/abs/2002AJ....124..777E},
  adsnote = {Provided by the SAO/NASA Astrophysics Data System}
}

@ARTICLE{van_den_bergh76,
   author = {{van den Bergh}, S.},
    title = "{A new classification system for galaxies}",
  journal = {\apj},
 keywords = {Classifications, Galactic Evolution, Galactic Structure, Spiral Galaxies, Abundance, Elliptical Galaxies, Hubble Diagram, Interstellar Gas, Luminous Intensity},
     year = 1976,
    month = jun,
   volume = 206,
    pages = {883-887},
      doi = {10.1086/154452},
   adsurl = {http://adsabs.harvard.edu/abs/1976ApJ...206..883V},
  adsnote = {Provided by the SAO/NASA Astrophysics Data System}
}

@ARTICLE{geha_etal06,
   author = {{Geha}, M. and {Blanton}, M.~R. and {Masjedi}, M. and {West}, A.~A.
	},
    title = "{The Baryon Content of Extremely Low Mass Dwarf Galaxies}",
  journal = {\apj},
   eprint = {astro-ph/0608295},
 keywords = {Galaxies: Dwarf, Galaxies: Kinematics and Dynamics},
     year = 2006,
    month = dec,
   volume = 653,
    pages = {240-254},
      doi = {10.1086/508604},
   adsurl = {http://adsabs.harvard.edu/abs/2006ApJ...653..240G},
  adsnote = {Provided by the SAO/NASA Astrophysics Data System}
}

@ARTICLE{haynes_etal11,
   author = {{Haynes}, M.~P. and {Giovanelli}, R. and {Martin}, A.~M. and 
	{Hess}, K.~M. and {Saintonge}, A. and {Adams}, E.~A.~K. and 
	{Hallenbeck}, G. and {Hoffman}, G.~L. and {Huang}, S. and {Kent}, B.~R. and 
	{Koopmann}, R.~A. and {Papastergis}, E. and {Stierwalt}, S. and 
	{Balonek}, T.~J. and {Craig}, D.~W. and {Higdon}, S.~J.~U. and 
	{Kornreich}, D.~A. and {Miller}, J.~R. and {O'Donoghue}, A.~A. and 
	{Olowin}, R.~P. and {Rosenberg}, J.~L. and {Spekkens}, K. and 
	{Troischt}, P. and {Wilcots}, E.~M.},
    title = "{The Arecibo Legacy Fast ALFA Survey: The {$\alpha$}.40 H I Source Catalog, Its Characteristics and Their Impact on the Derivation of the H I Mass Function}",
  journal = {\aj},
archivePrefix = "arXiv",
   eprint = {1109.0027},
 keywords = {catalogs, galaxies: distances and redshifts, galaxies: luminosity function, mass function, galaxies: spiral, radio lines: galaxies, surveys},
     year = 2011,
    month = nov,
   volume = 142,
      eid = {170},
    pages = {170},
      doi = {10.1088/0004-6256/142/5/170},
   adsurl = {http://adsabs.harvard.edu/abs/2011AJ....142..170H},
  adsnote = {Provided by the SAO/NASA Astrophysics Data System}
}

@ARTICLE{martin_etal10,
   author = {{Martin}, A.~M. and {Papastergis}, E. and {Giovanelli}, R. and 
	{Haynes}, M.~P. and {Springob}, C.~M. and {Stierwalt}, S.},
    title = "{The Arecibo Legacy Fast ALFA Survey. X. The H I Mass Function and {$\Omega$}\_H I from the 40\% ALFALFA Survey}",
  journal = {\apj},
archivePrefix = "arXiv",
   eprint = {1008.5107},
 keywords = {galaxies: distances and redshifts, galaxies: dwarf, galaxies: luminosity function, mass function, radio lines: galaxies, surveys},
     year = 2010,
    month = nov,
   volume = 723,
    pages = {1359-1374},
      doi = {10.1088/0004-637X/723/2/1359},
   adsurl = {http://adsabs.harvard.edu/abs/2010ApJ...723.1359M},
  adsnote = {Provided by the SAO/NASA Astrophysics Data System}
}

@ARTICLE{kirby_etal11,
   author = {{Kirby}, E.~N. and {Lanfranchi}, G.~A. and {Simon}, J.~D. and 
	{Cohen}, J.~G. and {Guhathakurta}, P.},
    title = "{Multi-element Abundance Measurements from Medium-resolution Spectra. III. Metallicity Distributions of Milky Way Dwarf Satellite Galaxies}",
  journal = {\apj},
archivePrefix = "arXiv",
   eprint = {1011.4937},
 primaryClass = "astro-ph.GA",
 keywords = {galaxies: abundances, galaxies: dwarf, galaxies: evolution, Local Group},
     year = 2011,
    month = feb,
   volume = 727,
      eid = {78},
    pages = {78},
      doi = {10.1088/0004-637X/727/2/78},
   adsurl = {http://adsabs.harvard.edu/abs/2011ApJ...727...78K},
  adsnote = {Provided by the SAO/NASA Astrophysics Data System}
}

@ARTICLE{pilyugin_etal14a,
   author = {{Pilyugin}, L.~S. and {Grebel}, E.~K. and {Kniazev}, A.~Y.},
    title = "{The Abundance Properties of Nearby Late-type Galaxies. I. The Data}",
  journal = {\aj},
archivePrefix = "arXiv",
   eprint = {1403.5461},
 keywords = {galaxies: abundances, galaxies: irregular, galaxies: ISM, galaxies: spiral},
     year = 2014,
    month = jun,
   volume = 147,
      eid = {131},
    pages = {131},
      doi = {10.1088/0004-6256/147/6/131},
   adsurl = {http://adsabs.harvard.edu/abs/2014AJ....147..131P},
  adsnote = {Provided by the SAO/NASA Astrophysics Data System}
}

@ARTICLE{pilyugin_etal14b,
   author = {{Pilyugin}, L.~S. and {Grebel}, E.~K. and {Zinchenko}, I.~A. and 
	{Kniazev}, A.~Y.},
    title = "{The Abundance Properties of Nearby Late-Type Galaxies. II. the Relation between Abundance Distributions and Surface Brightness Profiles}",
  journal = {\aj},
archivePrefix = "arXiv",
   eprint = {1408.6413},
 keywords = {galaxies: abundances, galaxies: photometry, galaxies: spiral},
     year = 2014,
    month = dec,
   volume = 148,
      eid = {134},
    pages = {134},
      doi = {10.1088/0004-6256/148/6/134},
   adsurl = {http://adsabs.harvard.edu/abs/2014AJ....148..134P},
  adsnote = {Provided by the SAO/NASA Astrophysics Data System}
}

@ARTICLE{kirby_etal10,
   author = {{Kirby}, E.~N. and {Guhathakurta}, P. and {Simon}, J.~D. and 
	{Geha}, M.~C. and {Rockosi}, C.~M. and {Sneden}, C. and {Cohen}, J.~G. and 
	{Sohn}, S.~T. and {Majewski}, S.~R. and {Siegel}, M.},
    title = "{Multi-element Abundance Measurements from Medium-resolution Spectra. II. Catalog of Stars in Milky Way Dwarf Satellite Galaxies}",
  journal = {\apjs},
archivePrefix = "arXiv",
   eprint = {1011.4516},
 primaryClass = "astro-ph.GA",
 keywords = {galaxies: abundances, galaxies: dwarf, Galaxy: evolution, Local Group},
     year = 2010,
    month = dec,
   volume = 191,
    pages = {352-375},
      doi = {10.1088/0067-0049/191/2/352},
   adsurl = {http://adsabs.harvard.edu/abs/2010ApJS..191..352K},
  adsnote = {Provided by the SAO/NASA Astrophysics Data System}
}

@ARTICLE{kewley_ellison08,
   author = {{Kewley}, L.~J. and {Ellison}, S.~L.},
    title = "{Metallicity Calibrations and the Mass-Metallicity Relation for Star-forming Galaxies}",
  journal = {\apj},
archivePrefix = "arXiv",
   eprint = {0801.1849},
 keywords = {galaxies: abundances, galaxies: fundamental parameters, galaxies: spiral, galaxies: starburst, techniques: spectroscopic},
     year = 2008,
    month = jul,
   volume = 681,
      eid = {1183-1204},
    pages = {1183-1204},
      doi = {10.1086/587500},
   adsurl = {http://adsabs.harvard.edu/abs/2008ApJ...681.1183K},
  adsnote = {Provided by the SAO/NASA Astrophysics Data System}
}

@ARTICLE{edmunds_pagel84,
   author = {{Edmunds}, M.~G. and {Pagel}, B.~E.~J.},
    title = "{On the composition of H II regions in southern galaxies. III - NGC 2997 and 7793}",
  journal = {\mnras},
 keywords = {Abundance, Astronomical Spectroscopy, H Ii Regions, Southern Sky, Spiral Galaxies, Chemical Composition, Chemical Evolution, Emission Spectra, Galactic Evolution, Galactic Nuclei, Line Spectra, Oxygen, Star Distribution},
     year = 1984,
    month = dec,
   volume = 211,
    pages = {507-519},
      doi = {10.1093/mnras/211.3.507},
   adsurl = {http://adsabs.harvard.edu/abs/1984MNRAS.211..507E},
  adsnote = {Provided by the SAO/NASA Astrophysics Data System}
}

@ARTICLE{ryder95,
   author = {{Ryder}, S.~D.},
    title = "{The local metallicity-surface brightness relationship in galactic disks}",
  journal = {\apj},
 keywords = {Accretion Disks, Brightness Distribution, Galactic Evolution, H Ii Regions, Metallicity, Spiral Galaxies, Abundance, Data Reduction, Galactic Mass, Oxygen, Star Formation, Stellar Envelopes, Stellar Spectrophotometry},
     year = 1995,
    month = may,
   volume = 444,
    pages = {610-631},
      doi = {10.1086/175634},
   adsurl = {http://adsabs.harvard.edu/abs/1995ApJ...444..610R},
  adsnote = {Provided by the SAO/NASA Astrophysics Data System}
}


@ARTICLE{sanchez_etal14,
   author = {{S{\'a}nchez}, S.~F. and {Rosales-Ortega}, F.~F. and {Iglesias-P{\'a}ramo}, J. and 
	{Moll{\'a}}, M. and {Barrera-Ballesteros}, J. and {Marino}, R.~A. and 
	{P{\'e}rez}, E. and {S{\'a}nchez-Blazquez}, P. and {et al.}
	},
    title = "{A characteristic oxygen abundance gradient in galaxy disks unveiled with CALIFA}",
  journal = {\aap},
archivePrefix = "arXiv",
   eprint = {1311.7052},
 keywords = {HII regions, galaxies: ISM, ISM: abundances, galaxies: abundances, galaxies: evolution, galaxies: star formation},
     year = 2014,
    month = mar,
   volume = 563,
      eid = {A49},
    pages = {A49},
      doi = {10.1051/0004-6361/201322343},
   adsurl = {http://adsabs.harvard.edu/abs/2014A%26A...563A..49S},
  adsnote = {Provided by the SAO/NASA Astrophysics Data System}
}

@ARTICLE{pilyugin_etal15,
   author = {{Pilyugin}, L.~S. and {Grebel}, E.~K. and {Zinchenko}, I.~A.
	},
    title = "{On the radial abundance gradients in discs of irregular galaxies}",
  journal = {\mnras},
 keywords = {ISM: abundances, H II regions, galaxies: abundances, galaxies: irregular, galaxies: photometry},
     year = 2015,
    month = jul,
   volume = 450,
    pages = {3254-3263},
      doi = {10.1093/mnras/stv932},
   adsurl = {http://adsabs.harvard.edu/abs/2015MNRAS.450.3254},
  adsnote = {Provided by the SAO/NASA Astrophysics Data System}
}

@ARTICLE{bresolin_kennicutt15,
   author = {{Bresolin}, F. and {Kennicutt}, R.~C.},
    title = "{Abundance gradients in low surface brightness spirals: clues on the origin of common gradients in galactic discs}",
  journal = {\mnras},
archivePrefix = "arXiv",
   eprint = {1509.07190},
 keywords = {H II regions, galaxies: abundances, galaxies: ISM},
     year = 2015,
    month = dec,
   volume = 454,
    pages = {3664-3673},
      doi = {10.1093/mnras/stv2245},
   adsurl = {http://adsabs.harvard.edu/abs/2015MNRAS.454.3664B},
  adsnote = {Provided by the SAO/NASA Astrophysics Data System}
}

@ARTICLE{frebel_norris15,
   author = {{Frebel}, A. and {Norris}, J.~E.},
    title = "{Near-Field Cosmology with Extremely Metal-Poor Stars}",
  journal = {\araa},
archivePrefix = "arXiv",
   eprint = {1501.06921},
 primaryClass = "astro-ph.SR",
     year = 2015,
    month = aug,
   volume = 53,
    pages = {631-688},
      doi = {10.1146/annurev-astro-082214-122423},
   adsurl = {http://adsabs.harvard.edu/abs/2015ARA%26A..53..631F},
  adsnote = {Provided by the SAO/NASA Astrophysics Data System}
}

@ARTICLE{simon_etal11,
   author = {{Simon}, J.~D. and {Geha}, M. and {Minor}, Q.~E. and {Martinez}, G.~D. and 
	{Kirby}, E.~N. and {Bullock}, J.~S. and {Kaplinghat}, M. and 
	{Strigari}, L.~E. and {Willman}, B. and {Choi}, P.~I. and {Tollerud}, E.~J. and 
	{Wolf}, J.},
    title = "{A Complete Spectroscopic Survey of the Milky Way Satellite Segue 1: The Darkest Galaxy}",
  journal = {\apj},
archivePrefix = "arXiv",
   eprint = {1007.4198},
 keywords = {dark matter, galaxies: dwarf, galaxies: individual: Segue 1, galaxies: kinematics and dynamics, Local Group},
     year = 2011,
    month = may,
   volume = 733,
      eid = {46},
    pages = {46},
      doi = {10.1088/0004-637X/733/1/46},
   adsurl = {http://adsabs.harvard.edu/abs/2011ApJ...733...46S},
  adsnote = {Provided by the SAO/NASA Astrophysics Data System}
}

@ARTICLE{kirby_etal13,
   author = {{Kirby}, E.~N. and {Cohen}, J.~G. and {Guhathakurta}, P. and 
	{Cheng}, L. and {Bullock}, J.~S. and {Gallazzi}, A.},
    title = "{The Universal Stellar Mass-Stellar Metallicity Relation for Dwarf Galaxies}",
  journal = {\apj},
archivePrefix = "arXiv",
   eprint = {1310.0814},
 primaryClass = "astro-ph.GA",
 keywords = {galaxies: abundances, galaxies: dwarf, galaxies: fundamental parameters, galaxies: irregular, Local Group},
     year = 2013,
    month = dec,
   volume = 779,
      eid = {102},
    pages = {102},
      doi = {10.1088/0004-637X/779/2/102},
   adsurl = {http://adsabs.harvard.edu/abs/2013ApJ...779..102K},
  adsnote = {Provided by the SAO/NASA Astrophysics Data System}
}

@ARTICLE{tremonti_etal04,
   author = {{Tremonti}, C.~A. and {Heckman}, T.~M. and {Kauffmann}, G. and 
	{Brinchmann}, J. and {Charlot}, S. and {White}, S.~D.~M. and 
	{Seibert}, M. and {Peng}, E.~W. and {Schlegel}, D.~J. and {Uomoto}, A. and 
	{Fukugita}, M. and {Brinkmann}, J.},
    title = "{The Origin of the Mass-Metallicity Relation: Insights from 53,000 Star-forming Galaxies in the Sloan Digital Sky Survey}",
  journal = {\apj},
   eprint = {astro-ph/0405537},
 keywords = {Galaxies: Abundances, Galaxies: Evolution, Galaxies: Fundamental Parameters, Galaxies: Statistics},
     year = 2004,
    month = oct,
   volume = 613,
    pages = {898-913},
      doi = {10.1086/423264},
   adsurl = {http://adsabs.harvard.edu/abs/2004ApJ...613..898T},
  adsnote = {Provided by the SAO/NASA Astrophysics Data System}
}

@ARTICLE{dalcanton07,
   author = {{Dalcanton}, J.~J.},
    title = "{The Metallicity of Galaxy Disks: Infall versus Outflow}",
  journal = {\apj},
   eprint = {astro-ph/0608590},
 keywords = {Galaxies: Abundances, Galaxies: Evolution, Galaxies: Formation, Galaxies: ISM, ISM: Evolution},
     year = 2007,
    month = apr,
   volume = 658,
    pages = {941-959},
      doi = {10.1086/508913},
   adsurl = {http://adsabs.harvard.edu/abs/2007ApJ...658..941D},
  adsnote = {Provided by the SAO/NASA Astrophysics Data System}
}

@ARTICLE{maiolino_etal08,
   author = {{Maiolino}, R. and {Nagao}, T. and {Grazian}, A. and {Cocchia}, F. and 
	{Marconi}, A. and {Mannucci}, F. and {Cimatti}, A. and {Pipino}, A. and 
	{Ballero}, S. and {Calura}, F. and {Chiappini}, C. and {Fontana}, A. and 
	{Granato}, G.~L. and {Matteucci}, F. and {Pastorini}, G. and 
	{Pentericci}, L. and {Risaliti}, G. and {Salvati}, M. and {Silva}, L.
	},
    title = "{AMAZE. I. The evolution of the mass-metallicity relation at $z > 3$}",
  journal = {\aap},
archivePrefix = "arXiv",
   eprint = {0806.2410},
 keywords = {ISM: abundances, galaxies: abundances, galaxies: evolution, galaxies: high-redshift, galaxies: starburst},
     year = 2008,
    month = sep,
   volume = 488,
    pages = {463-479},
      doi = {10.1051/0004-6361:200809678},
   adsurl = {http://adsabs.harvard.edu/abs/2008A%26A...488..463M},
  adsnote = {Provided by the SAO/NASA Astrophysics Data System}
}

@ARTICLE{papastergis_etal12,
   author = {{Papastergis}, E. and {Cattaneo}, A. and {Huang}, S. and {Giovanelli}, R. and 
	{Haynes}, M.~P.},
    title = "{A Direct Measurement of the Baryonic Mass Function of Galaxies and Implications for the Galactic Baryon Fraction}",
  journal = {\apj},
archivePrefix = "arXiv",
   eprint = {1208.5229},
 keywords = {galaxies: dwarf, galaxies: evolution, galaxies: halos, galaxies: luminosity function, mass function, galaxies: statistics, radio lines: galaxies},
     year = 2012,
    month = nov,
   volume = 759,
      eid = {138},
    pages = {138},
      doi = {10.1088/0004-637X/759/2/138},
   adsurl = {http://adsabs.harvard.edu/abs/2012ApJ...759..138P},
  adsnote = {Provided by the SAO/NASA Astrophysics Data System}
}

@ARTICLE{goulding_etal16,
   author = {{Goulding}, A.~D. and {Greene}, J.~E. and {Ma}, C.-P. and {Veale}, M. and 
	{Bogdan}, A. and {Nyland}, K. and {Blakeslee}, J.~P. and {McConnell}, N.~J. and 
	{Thomas}, J.},
    title = "{The MASSIVE Survey V.: The X-ray halos of the most massive early-type galaxies in the nearby Universe}",
  journal = {{\apj} submitted (arXiv/1604.01764)},
archivePrefix = "arXiv",
   eprint = {1604.01764},
 keywords = {Astrophysics - Astrophysics of Galaxies, Astrophysics - High Energy Astrophysical Phenomena},
     year = 2016,
    month = apr,
   adsurl = {http://adsabs.harvard.edu/abs/2016arXiv160401764G},
  adsnote = {Provided by the SAO/NASA Astrophysics Data System}
}

@ARTICLE{zibetti_etal09,
   author = {{Zibetti}, S. and {Charlot}, S. and {Rix}, H.-W.},
    title = "{Resolved stellar mass maps of galaxies - I. Method and implications for global mass estimates}",
  journal = {\mnras},
archivePrefix = "arXiv",
   eprint = {0904.4252},
 primaryClass = "astro-ph.CO",
 keywords = {techniques: image processing , techniques: photometric , galaxies: fundamental parameters , galaxies: general , galaxies: photometry , galaxies: stellar content},
     year = 2009,
    month = dec,
   volume = 400,
    pages = {1181-1198},
      doi = {10.1111/j.1365-2966.2009.15528.x},
   adsurl = {http://adsabs.harvard.edu/abs/2009MNRAS.400.1181Z},
  adsnote = {Provided by the SAO/NASA Astrophysics Data System}
}

@ARTICLE{bell_etal03,
   author = {{Bell}, E.~F. and {McIntosh}, D.~H. and {Katz}, N. and {Weinberg}, M.~D.
	},
    title = "{The Optical and Near-Infrared Properties of Galaxies. I. Luminosity and Stellar Mass Functions}",
  journal = {\apjs},
   eprint = {astro-ph/0302543},
 keywords = {Galaxies: Evolution, Galaxies: General, Galaxies: Luminosity Function, Mass Function, Galaxies: Stellar Content},
     year = 2003,
    month = dec,
   volume = 149,
    pages = {289-312},
      doi = {10.1086/378847},
   adsurl = {http://adsabs.harvard.edu/abs/2003ApJS..149..289B},
  adsnote = {Provided by the SAO/NASA Astrophysics Data System}
}

@ARTICLE{mcgaugh_etal12,
   author = {{McGaugh}, S.~S.},
    title = "{The Baryonic Tully-Fisher Relation of Gas-rich Galaxies as a Test of {$\Lambda$}CDM and MOND}",
  journal = {\aj},
archivePrefix = "arXiv",
   eprint = {1107.2934},
 keywords = {galaxies: dwarf, galaxies: irregular, galaxies: kinematics and dynamics, galaxies: spiral},
     year = 2012,
    month = feb,
   volume = 143,
      eid = {40},
    pages = {40},
      doi = {10.1088/0004-6256/143/2/40},
   adsurl = {http://adsabs.harvard.edu/abs/2012AJ....143...40M},
  adsnote = {Provided by the SAO/NASA Astrophysics Data System}
}

@ARTICLE{tully_fisher77,
   author = {{Tully}, R.~B. and {Fisher}, J.~R.},
    title = "{A new method of determining distances to galaxies}",
  journal = {\aap},
 keywords = {Distance Measuring Equipment, H Lines, Luminous Intensity, Spectral Line Width, Spiral Galaxies, Telescopes, Astronomical Photometry, Calibrating, Galactic Clusters, Galactic Structure, Hubble Diagram, Synoptic Measurement},
     year = 1977,
    month = feb,
   volume = 54,
    pages = {661-673},
   adsurl = {http://adsabs.harvard.edu/abs/1977A%26A....54..661T},
  adsnote = {Provided by the SAO/NASA Astrophysics Data System}
}

@ARTICLE{zhang_etal12,
   author = {{Zhang}, H.-X. and {Hunter}, D.~A. and {Elmegreen}, B.~G. and 
	{Gao}, Y. and {Schruba}, A.},
    title = "{Outside-in Shrinking of the Star-forming Disk of Dwarf Irregular Galaxies}",
  journal = {\aj},
archivePrefix = "arXiv",
   eprint = {1111.3363},
 keywords = {galaxies: dwarf, galaxies: evolution, galaxies: irregular, galaxies: stellar content},
     year = 2012,
    month = feb,
   volume = 143,
      eid = {47},
    pages = {47},
      doi = {10.1088/0004-6256/143/2/47},
   adsurl = {http://adsabs.harvard.edu/abs/2012AJ....143...47Z},
  adsnote = {Provided by the SAO/NASA Astrophysics Data System}
}

@ARTICLE{leroy_etal08,
   author = {{Leroy}, A.~K. and {Walter}, F. and {Brinks}, E. and {Bigiel}, F. and 
	{de Blok}, W.~J.~G. and {Madore}, B. and {Thornley}, M.~D.},
    title = "{The Star Formation Efficiency in Nearby Galaxies: Measuring Where Gas Forms Stars Effectively}",
  journal = {\aj},
archivePrefix = "arXiv",
   eprint = {0810.2556},
 keywords = {galaxies: evolution, galaxies: ISM, radio lines: galaxies, stars: formation},
     year = 2008,
    month = dec,
   volume = 136,
    pages = {2782-2845},
      doi = {10.1088/0004-6256/136/6/2782},
   adsurl = {http://adsabs.harvard.edu/abs/2008AJ....136.2782L},
  adsnote = {Provided by the SAO/NASA Astrophysics Data System}
}

@ARTICLE{pohlen_trujillo06,
   author = {{Pohlen}, M. and {Trujillo}, I.},
    title = "{The structure of galactic disks. Studying late-type spiral galaxies using SDSS}",
  journal = {\aap},
   eprint = {astro-ph/0603682},
 keywords = {galaxies: photometry, galaxies: structure, galaxies: fundamental parameters, galaxies: evolution, galaxies: formation},
     year = 2006,
    month = aug,
   volume = 454,
    pages = {759-772},
      doi = {10.1051/0004-6361:20064883},
   adsurl = {http://adsabs.harvard.edu/abs/2006A%26A...454..759P},
  adsnote = {Provided by the SAO/NASA Astrophysics Data System}
}

@ARTICLE{blanton_moustakas09,
   author = {{Blanton}, M.~R. and {Moustakas}, J.},
    title = "{Physical Properties and Environments of Nearby Galaxies}",
  journal = {\araa},
archivePrefix = "arXiv",
   eprint = {0908.3017},
     year = 2009,
    month = sep,
   volume = 47,
    pages = {159-210},
      doi = {10.1146/annurev-astro-082708-101734},
   adsurl = {http://adsabs.harvard.edu/abs/2009ARA%26A..47..159B},
  adsnote = {Provided by the SAO/NASA Astrophysics Data System}
}

@ARTICLE{yoachim_dalcanton06,
   author = {{Yoachim}, P. and {Dalcanton}, J.~J.},
    title = "{Structural Parameters of Thin and Thick Disks in Edge-on Disk Galaxies}",
  journal = {\aj},
   eprint = {astro-ph/0508460},
 keywords = {Galaxies: Evolution, Galaxies: Formation, Galaxies: Structure},
     year = 2006,
    month = jan,
   volume = 131,
    pages = {226-249},
      doi = {10.1086/497970},
   adsurl = {http://adsabs.harvard.edu/abs/2006AJ....131..226Y},
  adsnote = {Provided by the SAO/NASA Astrophysics Data System}
}

@ARTICLE{petrosian76,
   author = {{Petrosian}, V.},
    title = "{Surface brightness and evolution of galaxies}",
  journal = {\apjl},
 keywords = {Astronomical Models, Galactic Evolution, Luminous Intensity, Red Shift, Surface Properties, Big Bang Cosmology, Cosmology, Hubble Diagram, Iterative Solution, Point Sources},
     year = 1976,
    month = oct,
   volume = 209,
    pages = {L1-L5},
      doi = {10.1086/182253},
   adsurl = {http://adsabs.harvard.edu/abs/1976ApJ...209L...1P},
  adsnote = {Provided by the SAO/NASA Astrophysics Data System}
}

@ARTICLE{graham_etal05,
   author = {{Graham}, A.~W. and {Driver}, S.~P. and {Petrosian}, V. and 
	{Conselice}, C.~J. and {Bershady}, M.~A. and {Crawford}, S.~M. and 
	{Goto}, T.},
    title = "{Total Galaxy Magnitudes and Effective Radii from Petrosian Magnitudes and Radii}",
  journal = {\aj},
   eprint = {astro-ph/0504287},
 keywords = {Galaxies: Fundamental Parameters, Galaxies: Structure, Methods: Analytical, Methods: Data Analysis},
     year = 2005,
    month = oct,
   volume = 130,
    pages = {1535-1544},
      doi = {10.1086/444475},
   adsurl = {http://adsabs.harvard.edu/abs/2005AJ....130.1535G},
  adsnote = {Provided by the SAO/NASA Astrophysics Data System}
}

@ARTICLE{merritt_etal06,
   author = {{Merritt}, D. and {Graham}, A.~W. and {Moore}, B. and {Diemand}, J. and 
	{Terzi{\'c}}, B.},
    title = "{Empirical Models for Dark Matter Halos. I. Nonparametric Construction of Density Profiles and Comparison with Parametric Models}",
  journal = {\aj},
   eprint = {astro-ph/0509417},
 keywords = {Cosmology: Dark Matter, Galaxies: Halos, Methods: N-Body Simulations},
     year = 2006,
    month = dec,
   volume = 132,
    pages = {2685-2700},
      doi = {10.1086/508988},
   adsurl = {http://adsabs.harvard.edu/abs/2006AJ....132.2685M},
  adsnote = {Provided by the SAO/NASA Astrophysics Data System}
}


@ARTICLE{einasto65,
   author = {{Einasto}, J.},
    title = "{On the Construction of a Composite Model for the Galaxy and on the Determination of the System of Galactic Parameters}",
  journal = {Trudy Astrofizicheskogo Instituta Alma-Ata},
     year = 1965,
   volume = 5,
    pages = {87-100},
   adsurl = {http://adsabs.harvard.edu/abs/1965TrAlm...5...87E},
  adsnote = {Provided by the SAO/NASA Astrophysics Data System}
}

@ARTICLE{faber_etal97,
   author = {{Faber}, S.~M. and {Tremaine}, S. and {Ajhar}, E.~A. and {Byun}, Y.-I. and 
	{Dressler}, A. and {Gebhardt}, K. and {Grillmair}, C. and {Kormendy}, J. and 
	{Lauer}, T.~R. and {Richstone}, D.},
    title = "{The Centers of Early-Type Galaxies with HST. IV. Central Parameter Relations.}",
  journal = {\aj},
   eprint = {astro-ph/9610055},
 keywords = {GALAXIES: EARLY-TYPE, GALAXIES: NUCLEI},
     year = 1997,
    month = nov,
   volume = 114,
    pages = {1771},
      doi = {10.1086/118606},
   adsurl = {http://adsabs.harvard.edu/abs/1997AJ....114.1771F},
  adsnote = {Provided by the SAO/NASA Astrophysics Data System}
}

@ARTICLE{holmberg58,
   author = {{Holmberg}, E.},
    title = "{A photographic photometry of extragalactic nebulae.}",
  journal = {Meddelanden fran Lunds Astronomiska Observatorium Serie II},
     year = 1958,
   volume = 136,
    pages = {1},
   adsurl = {http://adsabs.harvard.edu/abs/1958MeLuS.136....1H},
  adsnote = {Provided by the SAO/NASA Astrophysics Data System}
}

@ARTICLE{bradford_etal15,
   author = {{Bradford}, J.~D. and {Geha}, M.~C. and {Blanton}, M.~R.},
    title = "{A Study in Blue: The Baryon Content of Isolated Low-mass Galaxies}",
  journal = {\apj},
archivePrefix = "arXiv",
   eprint = {1505.04819},
 keywords = {galaxies: dwarf, galaxies: evolution, galaxies: ISM, galaxies: kinematics and dynamics},
     year = 2015,
    month = aug,
   volume = 809,
      eid = {146},
    pages = {146},
      doi = {10.1088/0004-637X/809/2/146},
   adsurl = {http://adsabs.harvard.edu/abs/2015ApJ...809..146B},
  adsnote = {Provided by the SAO/NASA Astrophysics Data System}
}

@ARTICLE{blanton_etal01,
   author = {{Blanton}, M.~R. and {Dalcanton}, J. and {Eisenstein}, D. and {et al.}},
    title = "{The Luminosity Function of Galaxies in SDSS Commissioning Data}",
  journal = {\aj},
   eprint = {astro-ph/0012085},
 keywords = {Galaxies: Fundamental Parameters, Galaxies: Photometry, Galaxies: Statistics},
     year = 2001,
    month = may,
   volume = 121,
    pages = {2358-2380},
      doi = {10.1086/320405},
   adsurl = {http://adsabs.harvard.edu/abs/2001AJ....121.2358B},
  adsnote = {Provided by the SAO/NASA Astrophysics Data System}
}

@ARTICLE{blanton_etal05,
   author = {{Blanton}, M.~R. and {Lupton}, R.~H. and {Schlegel}, D.~J. and 
	{Strauss}, M.~A. and {Brinkmann}, J. and {Fukugita}, M. and 
	{Loveday}, J.},
    title = "{The Properties and Luminosity Function of Extremely Low Luminosity Galaxies}",
  journal = {\apj},
   eprint = {astro-ph/0410164},
 keywords = {Galaxies: Dwarf, Galaxies: Fundamental Parameters, Galaxies: Luminosity Function, Mass Function, Galaxies: Statistics},
     year = 2005,
    month = sep,
   volume = 631,
    pages = {208-230},
      doi = {10.1086/431416},
   adsurl = {http://adsabs.harvard.edu/abs/2005ApJ...631..208B},
  adsnote = {Provided by the SAO/NASA Astrophysics Data System}
}

@ARTICLE{hogg_etal02,
   author = {{Hogg}, D.~W. and {Baldry}, I.~K. and {Blanton}, M.~R. and {Eisenstein}, D.~J.
	},
    title = "{The K correction}",
  journal = {ArXiv Astrophysics e-prints},
   eprint = {astro-ph/0210394},
 keywords = {Astrophysics},
     year = 2002,
    month = oct,
   adsurl = {http://adsabs.harvard.edu/abs/2002astro.ph.10394H},
  adsnote = {Provided by the SAO/NASA Astrophysics Data System}
}

@ARTICLE{bernardi_etal16,
   author = {{Bernardi}, M. and {Meert}, A. and {Sheth}, R.~K. and {Huertas-Company}, M. and 
	{Maraston}, C. and {Shankar}, F. and {Vikram}, V.},
    title = "{The massive end of the luminosity and stellar mass functions and clustering from CMASS to SDSS: evidence for and against passive evolution}",
  journal = {\mnras},
archivePrefix = "arXiv",
   eprint = {1510.07702},
 keywords = {galaxies: abundances, galaxies: evolution, galaxies: luminosity function, mass function, galaxies: photometry, large-scale structure of Universe},
     year = 2016,
    month = feb,
   volume = 455,
    pages = {4122-4135},
      doi = {10.1093/mnras/stv2487},
   adsurl = {http://adsabs.harvard.edu/abs/2016MNRAS.455.4122B},
  adsnote = {Provided by the SAO/NASA Astrophysics Data System}
}

@ARTICLE{chilingarian_etal10,
   author = {{Chilingarian}, I.~V. and {Melchior}, A.-L. and {Zolotukhin}, I.~Y.
	},
    title = "{Analytical approximations of K-corrections in optical and near-infrared bands}",
  journal = {\mnras},
archivePrefix = "arXiv",
   eprint = {1002.2360},
 primaryClass = "astro-ph.IM",
 keywords = {galaxies: evolution, galaxies: fundamental parameters, galaxies: photometry, galaxies: stellar content},
     year = 2010,
    month = jul,
   volume = 405,
    pages = {1409-1420},
      doi = {10.1111/j.1365-2966.2010.16506.x},
   adsurl = {http://adsabs.harvard.edu/abs/2010MNRAS.405.1409C},
  adsnote = {Provided by the SAO/NASA Astrophysics Data System}
}

@ARTICLE{chilingarian_zolotukhin12,
   author = {{Chilingarian}, I.~V. and {Zolotukhin}, I.~Y.},
    title = "{A universal ultraviolet-optical colour-colour-magnitude relation of galaxies}",
  journal = {\mnras},
archivePrefix = "arXiv",
   eprint = {1102.1159},
 keywords = {galaxies: distances and redshifts, galaxies: photometry, galaxies: stellar content},
     year = 2012,
    month = jan,
   volume = 419,
    pages = {1727-1739},
      doi = {10.1111/j.1365-2966.2011.19837.x},
   adsurl = {http://adsabs.harvard.edu/abs/2012MNRAS.419.1727C},
  adsnote = {Provided by the SAO/NASA Astrophysics Data System}
}

@ARTICLE{oke_sandage68,
   author = {{Oke}, J.~B. and {Sandage}, A.},
    title = "{Energy Distributions, K Corrections, and the Stebbins-Whitford Effect for Giant Elliptical Galaxies}",
  journal = {\apj},
     year = 1968,
    month = oct,
   volume = 154,
    pages = {21},
      doi = {10.1086/149737},
   adsurl = {http://adsabs.harvard.edu/abs/1968ApJ...154...21O},
  adsnote = {Provided by the SAO/NASA Astrophysics Data System}
}

@ARTICLE{blanton_etal03,
   author = {{Blanton}, M.~R. and {Hogg}, D.~W. and {Bahcall}, N.~A. and 
	{et al}},
    title = "{The Galaxy Luminosity Function and Luminosity Density at Redshift z = 0.1}",
  journal = {\apj},
   eprint = {astro-ph/0210215},
 keywords = {Galaxies: Luminosity Function, Mass Function, Galaxies: Statistics},
     year = 2003,
    month = aug,
   volume = 592,
    pages = {819-838},
      doi = {10.1086/375776},
   adsurl = {http://adsabs.harvard.edu/abs/2003ApJ...592..819B},
  adsnote = {Provided by the SAO/NASA Astrophysics Data System}
}

@ARTICLE{bailin_harris08b,
   author = {{Bailin}, J. and {Harris}, W.~E.},
    title = "{Inclination-Independent Galaxy Classification}",
  journal = {\apj},
archivePrefix = "arXiv",
   eprint = {0803.1274},
 keywords = {galaxies: fundamental parameters, galaxies: structure },
     year = 2008,
    month = jul,
   volume = 681,
      eid = {225-231},
    pages = {225-231},
      doi = {10.1086/588091},
   adsurl = {http://adsabs.harvard.edu/abs/2008ApJ...681..225B},
  adsnote = {Provided by the SAO/NASA Astrophysics Data System}
}

@ARTICLE{efremov11,
   author = {{Efremov}, Y.~N.},
    title = "{On the spiral structure of the Milky Way Galaxy}",
  journal = {Astronomy Reports},
archivePrefix = "arXiv",
   eprint = {1011.4576},
     year = 2011,
    month = feb,
   volume = 55,
    pages = {108-122},
      doi = {10.1134/S1063772911020016},
   adsurl = {http://adsabs.harvard.edu/abs/2011ARep...55..108E},
  adsnote = {Provided by the SAO/NASA Astrophysics Data System}
}

@ARTICLE{bailin_harris08
   author = {{Bailin}, J. and {Harris}, W.~E.},
    title = "{Galaxy concentrations are trimodal}",
  journal = {\mnras},
archivePrefix = "arXiv",
   eprint = {0801.2774},
 keywords = {galaxies: elliptical and lenticular, cD , galaxies: fundamental parameters , galaxies: spiral , galaxies: structure},
     year = 2008,
    month = apr,
   volume = 385,
    pages = {1835-1845},
      doi = {10.1111/j.1365-2966.2008.12985.x},
   adsurl = {http://adsabs.harvard.edu/abs/2008MNRAS.385.1835B},
  adsnote = {Provided by the SAO/NASA Astrophysics Data System}
}

@ARTICLE{blanton_roweis07,
   author = {{Blanton}, M.~R. and {Roweis}, S.},
    title = "{K-Corrections and Filter Transformations in the Ultraviolet, Optical, and Near-Infrared}",
  journal = {\aj},
   eprint = {astro-ph/0606170},
 keywords = {galaxies: fundamental parameters, galaxies: photometry, galaxies: statistics},
     year = 2007,
    month = feb,
   volume = 133,
    pages = {734-754},
      doi = {10.1086/510127},
   adsurl = {http://adsabs.harvard.edu/abs/2007AJ....133..734B},
  adsnote = {Provided by the SAO/NASA Astrophysics Data System}
}

@ARTICLE{li_white09,
   author = {{Li}, C. and {White}, S.~D.~M.},
    title = "{The distribution of stellar mass in the low-redshift Universe}",
  journal = {\mnras},
archivePrefix = "arXiv",
   eprint = {0901.0706},
 keywords = {galaxies: clusters: general , galaxies: distances and redshifts , cosmology: theory , dark matter , large-scale structure of Universe},
     year = 2009,
    month = oct,
   volume = 398,
    pages = {2177-2187},
      doi = {10.1111/j.1365-2966.2009.15268.x},
   adsurl = {http://adsabs.harvard.edu/abs/2009MNRAS.398.2177L},
  adsnote = {Provided by the SAO/NASA Astrophysics Data System}
}


@ARTICLE{shen_etal03,
   author = {{Shen}, S. and {Mo}, H.~J. and {White}, S.~D.~M. and {Blanton}, M.~R. and 
	{Kauffmann}, G. and {Voges}, W. and {Brinkmann}, J. and {Csabai}, I.
	},
    title = "{The size distribution of galaxies in the Sloan Digital Sky Survey}",
  journal = {\mnras},
   eprint = {astro-ph/0301527},
 keywords = {galaxies: formation, galaxies: fundamental parameters, galaxies: statistics, galaxies: structure},
     year = 2003,
    month = aug,
   volume = 343,
    pages = {978-994},
      doi = {10.1046/j.1365-8711.2003.06740.x},
   adsurl = {http://adsabs.harvard.edu/abs/2003MNRAS.343..978S},
  adsnote = {Provided by the SAO/NASA Astrophysics Data System}
}

@ARTICLE{huertas_company_etal11,
   author = {{Huertas-Company}, M. and {Aguerri}, J.~A.~L. and {Bernardi}, M. and 
	{Mei}, S. and {S{\'a}nchez Almeida}, J.},
    title = "{Revisiting the Hubble sequence in the SDSS DR7 spectroscopic sample: a publicly available Bayesian automated classification}",
  journal = {\aap},
archivePrefix = "arXiv",
   eprint = {1010.3018},
 keywords = {catalogs, astronomical databases: miscellaneous, Galaxy: fundamental parameters, galaxies: evolution, Galaxy: formation},
     year = 2011,
    month = jan,
   volume = 525,
      eid = {A157},
    pages = {157},
      doi = {10.1051/0004-6361/201015735},
   adsurl = {http://adsabs.harvard.edu/abs/2011A%26A...525A.157H},
  adsnote = {Provided by the SAO/NASA Astrophysics Data System}
}

@ARTICLE{meert_etal15,
   author = {{Meert}, A. and {Vikram}, V. and {Bernardi}, M.},
    title = "{A catalogue of 2D photometric decompositions in the SDSS-DR7 spectroscopic main galaxy sample: preferred models and systematics}",
  journal = {\mnras},
archivePrefix = "arXiv",
   eprint = {1406.4179},
 keywords = {galaxies: evolution, galaxies: fundamental parameters, galaxies: structure},
     year = 2015,
    month = feb,
   volume = 446,
    pages = {3943-3974},
      doi = {10.1093/mnras/stu2333},
   adsurl = {http://adsabs.harvard.edu/abs/2015MNRAS.446.3943M},
  adsnote = {Provided by the SAO/NASA Astrophysics Data System}
}

@ARTICLE{malmquist22,
   author = {{Malmquist}, K.~G.},
    title = "{On some relations in stellar statistics}",
  journal = {Meddelanden fran Lunds Astronomiska Observatorium Serie I},
     year = 1922,
    month = mar,
   volume = 100,
    pages = {1-52},
   adsurl = {http://adsabs.harvard.edu/abs/1922MeLuF.100....1M},
  adsnote = {Provided by the SAO/NASA Astrophysics Data System}
}

@ARTICLE{drlica_wagner_etal15,
   author = {{Drlica-Wagner}, A. and {Bechtol}, K. and {Rykoff}, E.~S. and 
	 and {DES Collaboration}},
    title = "{Eight Ultra-faint Galaxy Candidates Discovered in Year Two of the Dark Energy Survey}",
  journal = {\apj},
archivePrefix = "arXiv",
   eprint = {1508.03622},
 keywords = {galaxies: dwarf, Local Group},
     year = 2015,
    month = nov,
   volume = 813,
      eid = {109},
    pages = {109},
      doi = {10.1088/0004-637X/813/2/109},
   adsurl = {http://adsabs.harvard.edu/abs/2015ApJ...813..109D},
  adsnote = {Provided by the SAO/NASA Astrophysics Data System}
}

@ARTICLE{schmidt68,
   author = {{Schmidt}, M.},
    title = "{Space Distribution and Luminosity Functions of Quasi-Stellar Radio Sources}",
  journal = {\apj},
     year = 1968,
    month = feb,
   volume = 151,
    pages = {393},
      doi = {10.1086/149446},
   adsurl = {http://adsabs.harvard.edu/abs/1968ApJ...151..393S},
  adsnote = {Provided by the SAO/NASA Astrophysics Data System}
}

@ARTICLE{felten77,
   author = {{Felten}, J.~E.},
    title = "{Study of the luminosity function for field galaxies}",
  journal = {\aj},
 keywords = {Astronomical Models, Galactic Radiation, Luminous Intensity, Astronomical Catalogs, Density Distribution, Electromagnetic Absorption, Error Analysis, Galactic Clusters, Galactic Structure},
     year = 1977,
    month = nov,
   volume = 82,
    pages = {861-878},
      doi = {10.1086/112140},
   adsurl = {http://adsabs.harvard.edu/abs/1977AJ.....82..861F},
  adsnote = {Provided by the SAO/NASA Astrophysics Data System}
}

@ARTICLE{montero_dorta_prada09,
   author = {{Montero-Dorta}, A.~D. and {Prada}, F.},
    title = "{The SDSS DR6 luminosity functions of galaxies}",
  journal = {\mnras},
archivePrefix = "arXiv",
   eprint = {0806.4930},
 keywords = {catalogues , surveys , galaxies: luminosity function, mass function , large-scale structure of Universe},
     year = 2009,
    month = nov,
   volume = 399,
    pages = {1106-1118},
      doi = {10.1111/j.1365-2966.2009.15197.x},
   adsurl = {http://adsabs.harvard.edu/abs/2009MNRAS.399.1106M},
  adsnote = {Provided by the SAO/NASA Astrophysics Data System}
}

@ARTICLE{baldry_etal12,
   author = {{Baldry}, I.~K. and {Driver}, S.~P. and {Loveday}, J. and {Taylor}, E.~N. and 
	{Kelvin}, L.~S. and {Liske}, J. and {Norberg}, P. and {Robotham}, A.~S.~G. and 
	{Brough}, S. and {Hopkins}, A.~M. and {Bamford}, S.~P. and {Peacock}, J.~A. and 
	{Bland-Hawthorn}, J. and {Conselice}, C.~J. and {Croom}, S.~M. and 
	{Jones}, D.~H. and {Parkinson}, H.~R. and {Popescu}, C.~C. and 
	{Prescott}, M. and {Sharp}, R.~G. and {Tuffs}, R.~J.},
    title = "{Galaxy And Mass Assembly (GAMA): the galaxy stellar mass function at z < 0.06}",
  journal = {\mnras},
archivePrefix = "arXiv",
   eprint = {1111.5707},
 keywords = {galaxies: distances and redshifts, galaxies: fundamental parameters, galaxies: luminosity function, mass function},
     year = 2012,
    month = mar,
   volume = 421,
    pages = {621-634},
      doi = {10.1111/j.1365-2966.2012.20340.x},
   adsurl = {http://adsabs.harvard.edu/abs/2012MNRAS.421..621B},
  adsnote = {Provided by the SAO/NASA Astrophysics Data System}
}

@ARTICLE{hu_kravtsov03,
   author = {{Hu}, W. and {Kravtsov}, A.~V.},
    title = "{Sample Variance Considerations for Cluster Surveys}",
  journal = {\apj},
   eprint = {astro-ph/0203169},
 keywords = {Cosmology: Cosmological Parameters, Cosmology: Theory, Galaxies: Clusters: General, Cosmology: Large-Scale Structure of Universe},
     year = 2003,
    month = feb,
   volume = 584,
    pages = {702-715},
      doi = {10.1086/345846},
   adsurl = {http://adsabs.harvard.edu/abs/2003ApJ...584..702H},
  adsnote = {Provided by the SAO/NASA Astrophysics Data System}
}

@ARTICLE{cowan_etal08,
   author = {{Cowan}, N.~B. and {Ivezi{\'c}}, {\v Z}.},
    title = "{The Environment of Galaxies at Low Redshift}",
  journal = {\apjl},
archivePrefix = "arXiv",
   eprint = {0801.0312},
 keywords = {galaxies: fundamental parameters, galaxies: luminosity function, mass function, galaxies: statistics },
     year = 2008,
    month = feb,
   volume = 674,
      eid = {L13},
    pages = {L13},
      doi = {10.1086/528986},
   adsurl = {http://adsabs.harvard.edu/abs/2008ApJ...674L..13C},
  adsnote = {Provided by the SAO/NASA Astrophysics Data System}
}


@ARTICLE{gott_etal05,
   author = {{Gott}, III, J.~R. and {Juri{\'c}}, M. and {Schlegel}, D. and 
	{Hoyle}, F. and {Vogeley}, M. and {Tegmark}, M. and {Bahcall}, N. and 
	{Brinkmann}, J.},
    title = "{A Map of the Universe}",
  journal = {\apj},
   eprint = {astro-ph/0310571},
 keywords = {Cosmology: Large-Scale Structure of Universe, Methods: Data Analysis},
     year = 2005,
    month = may,
   volume = 624,
    pages = {463-484},
      doi = {10.1086/428890},
   adsurl = {http://adsabs.harvard.edu/abs/2005ApJ...624..463G},
  adsnote = {Provided by the SAO/NASA Astrophysics Data System}
}


@ARTICLE{koposov_etal15,
   author = {{Koposov}, S.~E. and {Belokurov}, V. and {Torrealba}, G. and 
	{Evans}, N.~W.},
    title = "{Beasts of the Southern Wild : Discovery of nine Ultra Faint satellites in the vicinity of the Magellanic Clouds.}",
  journal = {\apj},
archivePrefix = "arXiv",
   eprint = {1503.02079},
 keywords = {galaxies: dwarf, galaxies: kinematics and dynamics, Galaxy: halo, globular clusters: general},
     year = 2015,
    month = jun,
   volume = 805,
      eid = {130},
    pages = {130},
      doi = {10.1088/0004-637X/805/2/130},
   adsurl = {http://adsabs.harvard.edu/abs/2015ApJ...805..130K},
  adsnote = {Provided by the SAO/NASA Astrophysics Data System}
}

@ARTICLE{driver04,
   author = {{Driver}, S.},
    title = "{Beyond the Galaxy Luminosity Function}",
  journal = {\pasa},
   eprint = {astro-ph/0409461},
 keywords = {galaxies: fundamental parameters, galaxies: luminosity function, galaxies: mass function, galaxies: statistics, surveys},
     year = 2004,
   volume = 21,
    pages = {344-351},
      doi = {10.1071/AS04035},
   adsurl = {http://adsabs.harvard.edu/abs/2004PASA...21..344D},
  adsnote = {Provided by the SAO/NASA Astrophysics Data System}
}

@ARTICLE{driver_etal05,
   author = {{Driver}, S.~P. and {Liske}, J. and {Cross}, N.~J.~G. and {De Propris}, R. and 
	{Allen}, P.~D.},
    title = "{The Millennium Galaxy Catalogue: the space density and surface-brightness distribution(s) of galaxies}",
  journal = {\mnras},
   eprint = {astro-ph/0503228},
 keywords = {astronomical data bases: miscellaneous, galaxies: evolution, galaxies: formation, galaxies: fundamental parameters, galaxies: general, galaxies: luminosity function, mass function},
     year = 2005,
    month = jun,
   volume = 360,
    pages = {81-103},
      doi = {10.1111/j.1365-2966.2005.08990.x},
   adsurl = {http://adsabs.harvard.edu/abs/2005MNRAS.360...81D},
  adsnote = {Provided by the SAO/NASA Astrophysics Data System}
}

@ARTICLE{bothun_etal97,
   author = {{Bothun}, G. and {Impey}, C. and {McGaugh}, S.},
    title = "{Low-Surface-Brightness Galaxies: Hidden Galaxies Revealed}",
  journal = {\pasp},
 keywords = {GALAXIES: PECULIAR, INVITED REVIEW PAPER},
     year = 1997,
    month = jul,
   volume = 109,
    pages = {745-758},
      doi = {10.1086/133941},
   adsurl = {http://adsabs.harvard.edu/abs/1997PASP..109..745B},
  adsnote = {Provided by the SAO/NASA Astrophysics Data System}
}

@ARTICLE{disney76,
   author = {{Disney}, M.~J.},
    title = "{Visibility of galaxies}",
  journal = {\nat},
 keywords = {Background Radiation, Galaxies, Visibility, Astronomical Photometry, Brightness, Galactic Radiation, Luminous Intensity, Milky Way Galaxy, Night Sky},
     year = 1976,
    month = oct,
   volume = 263,
    pages = {573-575},
      doi = {10.1038/263573a0},
   adsurl = {http://adsabs.harvard.edu/abs/1976Natur.263..573D},
  adsnote = {Provided by the SAO/NASA Astrophysics Data System}
}

@ARTICLE{kormendy77,
   author = {{Kormendy}, J.},
    title = "{Brightness distributions in compact and normal galaxies. II - Structure parameters of the spheroidal component}",
  journal = {\apj},
 keywords = {Astronomical Photometry, Brightness, Compact Galaxies, Galactic Structure, Luminous Intensity, Astrometry, Astronomical Models, Distance, Elliptical Galaxies, Hubble Diagram, Spheroids},
     year = 1977,
    month = dec,
   volume = 218,
    pages = {333-346},
      doi = {10.1086/155687},
   adsurl = {http://adsabs.harvard.edu/abs/1977ApJ...218..333K},
  adsnote = {Provided by the SAO/NASA Astrophysics Data System}
}

@ARTICLE{freeman70,
   author = {{Freeman}, K.~C.},
    title = "{On the Disks of Spiral and so Galaxies}",
  journal = {\apj},
     year = 1970,
    month = jun,
   volume = 160,
    pages = {811},
      doi = {10.1086/150474},
   adsurl = {http://adsabs.harvard.edu/abs/1970ApJ...160..811F},
  adsnote = {Provided by the SAO/NASA Astrophysics Data System}
}


@ARTICLE{huang_etal13a,
   author = {{Huang}, S. and {Ho}, L.~C. and {Peng}, C.~Y. and {Li}, Z.-Y. and 
	{Barth}, A.~J.},
    title = "{The Carnegie-Irvine Galaxy Survey. III. The Three-component Structure of Nearby Elliptical Galaxies}",
  journal = {\apj},
archivePrefix = "arXiv",
   eprint = {1212.2639},
 primaryClass = "astro-ph.CO",
 keywords = {galaxies: elliptical and lenticular, cD, galaxies: formation, galaxies: photometry, galaxies: structure},
     year = 2013,
    month = mar,
   volume = 766,
      eid = {47},
    pages = {47},
      doi = {10.1088/0004-637X/766/1/47},
   adsurl = {http://adsabs.harvard.edu/abs/2013ApJ...766...47H},
  adsnote = {Provided by the SAO/NASA Astrophysics Data System}
}

@ARTICLE{graham_etal96,
   author = {{Graham}, A. and {Lauer}, T.~R. and {Colless}, M. and {Postman}, M.
	},
    title = "{Brightest Cluster Galaxy Profile Shapes}",
  journal = {\apj},
   eprint = {astro-ph/9603006},
 keywords = {GALAXIES: CLUSTERS: GENERAL, GALAXIES: ELLIPTICAL AND LENTICULAR, CD, GALAXIES: PHOTOMETRY, GALAXIES: STRUCTURE},
     year = 1996,
    month = jul,
   volume = 465,
    pages = {534},
      doi = {10.1086/177440},
   adsurl = {http://adsabs.harvard.edu/abs/1996ApJ...465..534G},
  adsnote = {Provided by the SAO/NASA Astrophysics Data System}
}

@ARTICLE{kravtsov_etal14,
   author = {{Kravtsov}, A. and {Vikhlinin}, A. and {Meshscheryakov}, A.},
    title = "{Stellar mass -- halo mass relation and star formation efficiency in high-mass halos}",
  journal = {arXiv/1401.7329},
archivePrefix = "arXiv",
   eprint = {1401.7329},
 primaryClass = "astro-ph.CO",
 keywords = {Astrophysics - Cosmology and Extragalactic Astrophysics},
     year = 2014,
    month = jan,
   adsurl = {http://adsabs.harvard.edu/abs/2014arXiv1401.7329K},
  adsnote = {Provided by the SAO/NASA Astrophysics Data System}
}


@ARTICLE{seigar_etal07,
   author = {{Seigar}, M.~S. and {Graham}, A.~W. and {Jerjen}, H.},
    title = "{Intracluster light and the extended stellar envelopes of cD galaxies: an analytical description}",
  journal = {\mnras},
   eprint = {astro-ph/0612229},
 keywords = {galaxies: elliptical and lenticular, cD, galaxies: formation, galaxies: fundamental parameters, galaxies: haloes, galaxies: structure},
     year = 2007,
    month = jul,
   volume = 378,
    pages = {1575-1588},
      doi = {10.1111/j.1365-2966.2007.11899.x},
   adsurl = {http://adsabs.harvard.edu/abs/2007MNRAS.378.1575S},
  adsnote = {Provided by the SAO/NASA Astrophysics Data System}
}

@ARTICLE{ade_etal13,
   author = {{Ade}, P.~A.~R. and {Aghanim}, N. and 
	{Arnaud}, M. and {Ashdown}, M. and {Atrio-Barandela}, F. and 
	{Aumont}, J. and {Baccigalupi}, C. and {Balbi}, A. and {Banday}, A.~J. and {{Planck Collaboration} and et al.},
    title = "{Planck intermediate results. XI. The gas content of dark matter halos: the Sunyaev-Zeldovich-stellar mass relation for locally brightest galaxies}",
  journal = {\aap},
archivePrefix = "arXiv",
   eprint = {1212.4131},
 keywords = {cosmology: observations, cosmic background radiation, large-scale structure of Universe, galaxies: clusters: general},
     year = 2013,
    month = sep,
   volume = 557,
      eid = {A52},
    pages = {A52},
      doi = {10.1051/0004-6361/201220941},
   adsurl = {},
  adsnote = {Provided by the SAO/NASA Astrophysics Data System}
}

@ARTICLE{anderson_etal15,
   author = {{Anderson}, M.~E. and {Gaspari}, M. and {White}, S.~D.~M. and 
	{Wang}, W. and {Dai}, X.},
    title = "{Unifying X-ray scaling relations from galaxies to clusters}",
  journal = {\mnras},
archivePrefix = "arXiv",
   eprint = {1409.6965},
 keywords = {galaxies: clusters: general, galaxies: groups: general, galaxies: haloes, X-rays: galaxies, X-rays: galaxies: clusters},
     year = 2015,
    month = jun,
   volume = 449,
    pages = {3806-3826},
      doi = {10.1093/mnras/stv437},
   adsurl = {http://adsabs.harvard.edu/abs/2015MNRAS.449.3806A},
  adsnote = {Provided by the SAO/NASA Astrophysics Data System}
}

@ARTICLE{broeils_rhee97,
   author = {{Broeils}, A.~H. and {Rhee}, M.-H.},
    title = "{Short 21-cm WSRT observations of spiral and irregular galaxies. HI properties.}",
  journal = {\aap},
 keywords = {GALAXIES: FUNDAMENTAL PARAMETERS, GALAXIES: STRUCTURE, GALAXIES: KINEMATICS AND DYNAMICS, GALAXIES: SPIRAL, RADIO LINES: GALAXIES},
     year = 1997,
    month = aug,
   volume = 324,
    pages = {877-887},
   adsurl = {},
  adsnote = {Provided by the SAO/NASA Astrophysics Data System}
}

@ARTICLE{vandokkum_etal15,
   author = {{van Dokkum}, P.~G. and {Abraham}, R. and {Merritt}, A. and 
	{Zhang}, J. and {Geha}, M. and {Conroy}, C.},
    title = "{Forty-seven Milky Way-sized, Extremely Diffuse Galaxies in the Coma Cluster}",
  journal = {\apjl},
archivePrefix = "arXiv",
   eprint = {1410.8141},
 keywords = {galaxies: clusters: individual: Coma, galaxies: evolution, galaxies: structure},
     year = 2015,
    month = jan,
   volume = 798,
      eid = {L45},
    pages = {L45},
      doi = {10.1088/2041-8205/798/2/L45},
   adsurl = {http://adsabs.harvard.edu/abs/2015ApJ...798L..45V},
  adsnote = {Provided by the SAO/NASA Astrophysics Data System}
}

@ARTICLE{bouwens_etal15,
   author = {{Bouwens}, R.~J. and {Illingworth}, G.~D. and {Oesch}, P.~A. and 
	{Trenti}, M. and {Labb{\'e}}, I. and {Bradley}, L. and {Carollo}, M. and 
	{van Dokkum}, P.~G. and {Gonzalez}, V. and {Holwerda}, B. and 
	{Franx}, M. and {Spitler}, L. and {Smit}, R. and {Magee}, D.
	},
    title = "{UV Luminosity Functions at Redshifts z=4 to z10: 10,000 Galaxies from HST Legacy Fields}",
  journal = {\apj},
archivePrefix = "arXiv",
   eprint = {1403.4295},
 keywords = {galaxies: evolution, galaxies: high-redshift},
     year = 2015,
    month = apr,
   volume = 803,
      eid = {34},
    pages = {34},
      doi = {10.1088/0004-637X/803/1/34},
   adsurl = {http://adsabs.harvard.edu/abs/2015ApJ...803...34B},
  adsnote = {Provided by the SAO/NASA Astrophysics Data System}
}

@ARTICLE{szomoru_etal13,
   author = {{Szomoru}, D. and {Franx}, M. and {van Dokkum}, P.~G. and {Trenti}, M. and 
	{Illingworth}, G.~D. and {Labb{\'e}}, I. and {Oesch}, P.},
    title = "{The Stellar Mass Structure of Massive Galaxies from z = 0 to z = 2.5: Surface Density Profiles and Half-mass Radii}",
  journal = {\apj},
archivePrefix = "arXiv",
   eprint = {1208.4363},
 keywords = {cosmology: observations, galaxies: evolution, galaxies: formation, galaxies: high-redshift},
     year = 2013,
    month = feb,
   volume = 763,
      eid = {73},
    pages = {73},
      doi = {10.1088/0004-637X/763/2/73},
   adsurl = {http://adsabs.harvard.edu/abs/2013ApJ...763...73S},
  adsnote = {Provided by the SAO/NASA Astrophysics Data System}
}

@ARTICLE{de_vaucouleurs48,
   author = {{de Vaucouleurs}, G.},
    title = "{Recherches sur les Nebuleuses Extragalactiques}",
  journal = {Annales d'Astrophysique},
     year = 1948,
    month = jan,
   volume = 11,
    pages = {247},
   adsurl = {http://adsabs.harvard.edu/abs/1948AnAp...11..247D},
  adsnote = {Provided by the SAO/NASA Astrophysics Data System}
}

@ARTICLE{devaucouleurs53,
   author = {{de Vaucouleurs}, G.},
    title = "{On the distribution of mass and luminosity in elliptical galaxies}",
  journal = {\mnras},
     year = 1953,
   volume = 113,
    pages = {134},
      doi = {10.1093/mnras/113.2.134},
   adsurl = {http://adsabs.harvard.edu/abs/1953MNRAS.113..134D},
  adsnote = {Provided by the SAO/NASA Astrophysics Data System}
}

@ARTICLE{devaucouleurs53b,
   author = {{de Vaucouleurs}, G.},
    title = "{Evidence for a local super,galaxy}",
  journal = {\aj},
     year = 1953,
    month = feb,
   volume = 58,
    pages = {30},
      doi = {10.1086/106805},
   adsurl = {http://adsabs.harvard.edu/abs/1953AJ.....58...30D},
  adsnote = {Provided by the SAO/NASA Astrophysics Data System}
}

@ARTICLE{kravtsov_borgani12,
   author = {{Kravtsov}, A.~V. and {Borgani}, S.},
    title = "{Formation of Galaxy Clusters}",
  journal = {\araa},
archivePrefix = "arXiv",
   eprint = {1205.5556},
     year = 2012,
    month = sep,
   volume = 50,
    pages = {353-409},
      doi = {10.1146/annurev-astro-081811-125502},
   adsurl = {http://adsabs.harvard.edu/abs/2012ARA%26A..50..353K},
  adsnote = {Provided by the SAO/NASA Astrophysics Data System}
}

@ARTICLE{blandhawthorn_gerhard16,
   author = {{Bland-Hawthorn}, J. and {Gerhard}, O.},
    title = "{The Galaxy in Context: Structural, Kinematic and Integrated Properties}",
  journal = {ARAA, in press (arXiv/1602.07702)},
archivePrefix = "arXiv",
   eprint = {1602.07702},
 keywords = {Astrophysics - Astrophysics of Galaxies},
     year = 2016,
    month = feb,
   adsurl = {http://adsabs.harvard.edu/abs/2016arXiv160207702B},
  adsnote = {Provided by the SAO/NASA Astrophysics Data System}
}

@ARTICLE{bovy_rix13,
   author = {{Bovy}, J. and {Rix}, H.-W.},
    title = "{A Direct Dynamical Measurement of the Milky Way's Disk Surface Density Profile, Disk Scale Length, and Dark Matter Profile at 4 kpc < R < 9 kpc}",
  journal = {\apj},
archivePrefix = "arXiv",
   eprint = {1309.0809},
 primaryClass = "astro-ph.GA",
 keywords = {Galaxy: abundances, Galaxy: disk, Galaxy: fundamental parameters, Galaxy: kinematics and dynamics, Galaxy: structure, solar neighborhood},
     year = 2013,
    month = dec,
   volume = 779,
      eid = {115},
    pages = {115},
      doi = {10.1088/0004-637X/779/2/115},
   adsurl = {http://adsabs.harvard.edu/abs/2013ApJ...779..115B},
  adsnote = {Provided by the SAO/NASA Astrophysics Data System}
}

@INPROCEEDINGS{biviano00,
   author = {{Biviano}, A.},
    title = "{From Messier to Abell: 200 Years of Science with Galaxy Clusters}",
booktitle = {Constructing the Universe with Clusters of Galaxies},
     year = 2000,
   eprint = {astro-ph/0010409},
   adsurl = {http://adsabs.harvard.edu/abs/2000cucg.confE...1B},
  adsnote = {Provided by the SAO/NASA Astrophysics Data System}
}

@ARTICLE{mcmillan11,
   author = {{McMillan}, P.~J.},
    title = "{Mass models of the Milky Way}",
  journal = {\mnras},
archivePrefix = "arXiv",
   eprint = {1102.4340},
 keywords = {methods: statistical, Galaxy: fundamental parameters, Galaxy: kinematics and dynamics},
     year = 2011,
    month = jul,
   volume = 414,
    pages = {2446-2457},
      doi = {10.1111/j.1365-2966.2011.18564.x},
   adsurl = {http://adsabs.harvard.edu/abs/2011MNRAS.414.2446M},
  adsnote = {Provided by the SAO/NASA Astrophysics Data System}
}

@ARTICLE{devaucouleurs70,
   author = {{de Vaucouleurs}, G.},
    title = "{The Case for a Hierarchical Cosmology}",
  journal = {Science},
     year = 1970,
    month = feb,
   volume = 167,
    pages = {1203-1213},
      doi = {10.1126/science.167.3922.1203},
   adsurl = {http://adsabs.harvard.edu/abs/1970Sci...167.1203D},
  adsnote = {Provided by the SAO/NASA Astrophysics Data System}
}

@ARTICLE{schechter76,
   author = {{Schechter}, P.},
    title = "{An analytic expression for the luminosity function for galaxies.}",
  journal = {\apj},
     year = 1976,
    month = jan,
   volume = 203,
    pages = {297-306},
      doi = {10.1086/154079},
   adsurl = {http://adsabs.harvard.edu/abs/1976ApJ...203..297S},
  adsnote = {Provided by the SAO/NASA Astrophysics Data System}
}

@ARTICLE{thompson_gregory11,
   author = {{Thompson}, L.~A. and {Gregory}, S.~A.},
    title = "{An Historical View: The Discovery of Voids in the Galaxy Distribution}",
  journal = {arXiv/1109.1268},
archivePrefix = "arXiv",
   eprint = {1109.1268},
 keywords = {Physics - History and Philosophy of Physics, Astrophysics - Cosmology and Extragalactic Astrophysics},
     year = 2011,
    month = sep,
   adsurl = {http://adsabs.harvard.edu/abs/2011arXiv1109.1268T},
  adsnote = {Provided by the SAO/NASA Astrophysics Data System}
}


@ARTICLE{hernquist90,
   author = {{Hernquist}, L.},
    title = "{An analytical model for spherical galaxies and bulges}",
  journal = {\apj},
 keywords = {Computational Astrophysics, Elliptical Galaxies, Galactic Bulge, Galactic Structure, Astronomical Models, Astronomical Photometry, Brightness Distribution, Distribution Functions},
     year = 1990,
    month = jun,
   volume = 356,
    pages = {359-364},
      doi = {10.1086/168845},
   adsurl = {http://adsabs.harvard.edu/abs/1990ApJ...356..359H},
  adsnote = {Provided by the SAO/NASA Astrophysics Data System}
}

@ARTICLE{pitts_tayler97,
   author = {{Pitts}, E. and {Tayler}, R.~J.},
    title = "{Absorption-line cloud models: distribution of column densities and velocity profiles}",
  journal = {\mnras},
 keywords = {QUASARS: ABSORPTION LINES, GALAXIES: STATISTICS},
     year = 1997,
    month = jun,
   volume = 288,
    pages = {457-469},
   adsurl = {http://adsabs.harvard.edu/abs/1997MNRAS.288..457P},
  adsnote = {Provided by the SAO/NASA Astrophysics Data System}
}

@BOOK{sparke_gallagher07,
   author = {{Sparke}, L.~S. and {Gallagher}, III, J.~S.},
    title = "{Galaxies in the Universe}",
booktitle = {Galaxies in the Universe, by Linda S.~Sparke , John S.~Gallagher, III, Cambridge, UK: Cambridge University Press, 2007},
     year = 2007,
    month = feb,
   adsurl = {http://adsabs.harvard.edu/abs/2007gaun.book.....S},
  adsnote = {Provided by the SAO/NASA Astrophysics Data System}
}

@ARTICLE{hubble26a,
   author = {{Hubble}, E.},
    title = "{Non-Galactic Nebul{\ae} (Abstract)}",
  journal = {\pasp},
     year = 1926,
    month = aug,
   volume = 38,
    pages = {258-260},
      doi = {10.1086/123603},
   adsurl = {http://adsabs.harvard.edu/abs/1926PASP...38..258H},
  adsnote = {Provided by the SAO/NASA Astrophysics Data System}
}


@BOOK{jeans19b,
   author = {{Jeans}, J.~H.},
    title = "{Problems of cosmogony and stellar dynamics}",
 keywords = {COSMOGONY, NEBULAR HYPOTHESIS, STARS},
booktitle = {Cambridge, University press, 1919.},
     year = 1919,
   adsurl = {http://adsabs.harvard.edu/abs/1919pcsd.book.....J},
  adsnote = {Provided by the SAO/NASA Astrophysics Data System}
}

@ARTICLE{jeans19,
   author = {{Jeans}, J.~H.},
    title = "{Bakerian Lecture, 1917: The Configurations of Rotating Compressible Masses}",
  journal = {Philosophical Transactions of the Royal Society of London Series A},
     year = 1919,
   volume = 218,
    pages = {157-210},
      doi = {10.1098/rsta.1919.0003},
   adsurl = {http://adsabs.harvard.edu/abs/1919RSPTA.218..157J},
  adsnote = {Provided by the SAO/NASA Astrophysics Data System}
}

@ARTICLE{fukugita_etal96,
   author = {{Fukugita}, M. and {Ichikawa}, T. and {Gunn}, J.~E. and {Doi}, M. and 
	{Shimasaku}, K. and {Schneider}, D.~P.},
    title = "{The Sloan Digital Sky Survey Photometric System}",
  journal = {\aj},
 keywords = {SURVEYS, INSTRUMENTATION: PHOTOMETERS, TECHNIQUES: PHOTOMETRIC},
     year = 1996,
    month = apr,
   volume = 111,
    pages = {1748},
      doi = {10.1086/117915},
   adsurl = {http://adsabs.harvard.edu/abs/1996AJ....111.1748F},
  adsnote = {Provided by the SAO/NASA Astrophysics Data System}
}

@ARTICLE{oke_gunn83,
   author = {{Oke}, J.~B. and {Gunn}, J.~E.},
    title = "{Secondary standard stars for absolute spectrophotometry}",
  journal = {\apj},
 keywords = {Reference Stars, Spectral Energy Distribution, Stellar Spectrophotometry, Subdwarf Stars, Calibrating, Line Spectra},
     year = 1983,
    month = mar,
   volume = 266,
    pages = {713-717},
      doi = {10.1086/160817},
   adsurl = {http://adsabs.harvard.edu/abs/1983ApJ...266..713O},
  adsnote = {Provided by the SAO/NASA Astrophysics Data System}
}

@ARTICLE{land_etal08,
   author = {{Land}, K. and {Slosar}, A. and {Lintott}, C. and {Andreescu}, D. and 
	{Bamford}, S. and {Murray}, P. and {Nichol}, R. and {Raddick}, M.~J. and 
	{Schawinski}, K. and {Szalay}, A. and {Thomas}, D. and {Vandenberg}, J.
	},
    title = "{Galaxy Zoo: the large-scale spin statistics of spiral galaxies in the Sloan Digital Sky Survey}",
  journal = {\mnras},
archivePrefix = "arXiv",
   eprint = {0803.3247},
 keywords = {galaxies: spiral , large-scale structure of Universe},
     year = 2008,
    month = aug,
   volume = 388,
    pages = {1686-1692},
      doi = {10.1111/j.1365-2966.2008.13490.x},
   adsurl = {http://adsabs.harvard.edu/abs/2008MNRAS.388.1686L},
  adsnote = {Provided by the SAO/NASA Astrophysics Data System}
}

@ARTICLE{kuminski_shamir16,
   author = {{Kuminski}, E. and {Shamir}, L.},
    title = "{Computer-generated visual morphology catalog of \~{}3,000,000 SDSS galaxies}",
  journal = {arXiv/1602.06854},
archivePrefix = "arXiv",
   eprint = {1602.06854},
 keywords = {Astrophysics - Astrophysics of Galaxies},
     year = 2016,
    month = feb,
   adsurl = {http://adsabs.harvard.edu/abs/2016arXiv160206854K},
  adsnote = {Provided by the SAO/NASA Astrophysics Data System}
}


@ARTICLE{buta11,
   author = {{Buta}, R.~J.},
    title = "{Galaxy Morphology}",
  journal = {in Planets, Stars, and Stellar Systems, Vol. 6, Series Editor T. D. Oswalt, Volume editor W. C. Keel, Springer Reference, 2011 (arXiv/1102.0550)},
archivePrefix = "arXiv",
   eprint = {1102.0550},
 primaryClass = "astro-ph.CO",
 keywords = {Astrophysics - Cosmology and Extragalactic Astrophysics},
     year = 2011,
    month = feb,
   adsurl = {http://adsabs.harvard.edu/abs/2011arXiv1102.0550B},
  adsnote = {Provided by the SAO/NASA Astrophysics Data System}
}

@ARTICLE{hubble30,
   author = {{Hubble}, E.~P.},
    title = "{Distribution of luminosity in elliptical nebulae.}",
  journal = {\apj},
     year = 1930,
    month = may,
   volume = 71,
      doi = {10.1086/143250},
   adsurl = {http://adsabs.harvard.edu/abs/1930ApJ....71..231H},
  adsnote = {Provided by the SAO/NASA Astrophysics Data System}
}

@BOOK{sersic68,
   author = {{Sersic}, J.~L.},
    title = "{Atlas de galaxias australes}",
 keywords = {GALAXIES, GROUPS OF GALAXIES, ATLASES},
booktitle = {Cordoba, Argentina: Observatorio Astronomico, 1968},
     year = 1968,
   adsurl = {http://adsabs.harvard.edu/abs/1968adga.book.....S},
  adsnote = {Provided by the SAO/NASA Astrophysics Data System}
}

@ARTICLE{graham_driver05,
   author = {{Graham}, A.~W. and {Driver}, S.~P.},
    title = "{A Concise Reference to (Projected) S{\'e}rsic Quantities, Including Concentration, Profile Slopes, Petrosian Indices, and Kron Magnitudes}",
  journal = {\pasa},
   eprint = {astro-ph/0503176},
 keywords = {galaxies: structure, galaxies: fundamental parameters, methods: analytical, methods: data analysis},
     year = 2005,
   volume = 22,
    pages = {118-127},
      doi = {10.1071/AS05001},
   adsurl = {http://adsabs.harvard.edu/abs/2005PASA...22..118G},
  adsnote = {Provided by the SAO/NASA Astrophysics Data System}
}

@ARTICLE{lima_neto99,
   author = {{Lima Neto}, G.~B. and {Gerbal}, D. and {M{\'a}rquez}, I.},
    title = "{The specific entropy of elliptical galaxies: an explanation for profile-shape distance indicators?}",
  journal = {\mnras},
   eprint = {astro-ph/9905048},
     year = 1999,
    month = oct,
   volume = 309,
    pages = {481-495},
      doi = {10.1046/j.1365-8711.1999.02849.x},
   adsurl = {http://adsabs.harvard.edu/abs/1999MNRAS.309..481L},
  adsnote = {Provided by the SAO/NASA Astrophysics Data System}
}

@ARTICLE{strateva_etal01,
   author = {{Strateva}, I. and {Ivezi{\'c}}, {\v Z}. and {Knapp}, G.~R. and 
	{Narayanan}, V.~K. and {Strauss}, M.~A. and {Gunn}, J.~E. and 
	{Lupton}, R.~H. and {Schlegel}, D. and {Bahcall}, N.~A. and 
	{Brinkmann}, J. and {Brunner}, R.~J. and {Budav{\'a}ri}, T. and 
	{Csabai}, I. and {Castander}, F.~J. and {Doi}, M. and {Fukugita}, M. and 
	{Gy{\H o}ry}, Z. and {Hamabe}, M. and {Hennessy}, G. and {Ichikawa}, T. and 
	{Kunszt}, P.~Z. and {Lamb}, D.~Q. and {McKay}, T.~A. and {Okamura}, S. and 
	{Racusin}, J. and {Sekiguchi}, M. and {Schneider}, D.~P. and 
	{Shimasaku}, K. and {York}, D.},
    title = "{Color Separation of Galaxy Types in the Sloan Digital Sky Survey Imaging Data}",
  journal = {\aj},
   eprint = {astro-ph/0107201},
 keywords = {Galaxies: Fundamental Parameters},
     year = 2001,
    month = oct,
   volume = 122,
    pages = {1861-1874},
      doi = {10.1086/323301},
   adsurl = {http://adsabs.harvard.edu/abs/2001AJ....122.1861S},
  adsnote = {Provided by the SAO/NASA Astrophysics Data System}
}

@BOOK{mo_etal10,
   author = {{Mo}, H. and {van den Bosch}, F.~C. and {White}, S.},
    title = "{Galaxy Formation and Evolution}",
booktitle = {Galaxy Formation and Evolution, by Houjun Mo , Frank van den Bosch , Simon White, Cambridge, UK: Cambridge University Press, 2010},
     year = 2010,
    month = may,
   adsurl = {http://adsabs.harvard.edu/abs/2010gfe..book.....M},
  adsnote = {Provided by the SAO/NASA Astrophysics Data System}
}

@ARTICLE{sandage05,
   author = {{Sandage}, A.},
    title = "{The Classification of Galaxies: Early History and Ongoing Developments}",
  journal = {\araa},
     year = 2005,
    month = sep,
   volume = 43,
    pages = {581-624},
      doi = {10.1146/annurev.astro.43.112904.104839},
   adsurl = {http://adsabs.harvard.edu/abs/2005ARA%26A..43..581S},
  adsnote = {Provided by the SAO/NASA Astrophysics Data System}
}

@BOOK{ivezic_etal13,
   author = {{Ivezi{\'c}}, {\.Z}. and {Connolly}, A. and {VanderPlas}, J. and 
	{Gray}, A.},
    title = "{Statistics, Data Mining, and Machine Learning in Astronomy}",
booktitle = {Statistics, Data Mining, and Machine Learning in Astronomy, by {\.Z}.~Ivezi{\'c} et al.~Princeton University Press, 2013},
     year = 2013,
    month = may,
   adsurl = {http://adsabs.harvard.edu/abs/2013sdmm.book.....I},
  adsnote = {Provided by the SAO/NASA Astrophysics Data System}
}

@ARTICLE{hart_berendzen71,
   author = {{Hart}, R. and {Berendzen}, R.},
    title = "{Hubble's Classification of Non-Galactic Nebulae, 1922-1926}",
  journal = {Journal for the History of Astronomy},
     year = 1971,
   volume = 2,
    pages = {109},
   adsurl = {http://adsabs.harvard.edu/abs/1971JHA.....2..109H},
  adsnote = {Provided by the SAO/NASA Astrophysics Data System}
}

@ARTICLE{hubble26,
   author = {{Hubble}, E.~P.},
    title = "{Extragalactic nebulae.}",
  journal = {\apj},
     year = 1926,
    month = dec,
   volume = 64,
   pages = {321},
      doi = {10.1086/143018},
   adsurl = {http://adsabs.harvard.edu/abs/1926ApJ....64..321H},
  adsnote = {Provided by the SAO/NASA Astrophysics Data System}
}

@ARTICLE{hubble29,
   author = {{Hubble}, E.},
    title = "{A Relation between Distance and Radial Velocity among Extra-Galactic Nebulae}",
  journal = {Proceedings of the National Academy of Science},
     year = 1929,
    month = mar,
   volume = 15,
    pages = {168-173},
      doi = {10.1073/pnas.15.3.168},
   adsurl = {http://adsabs.harvard.edu/abs/1929PNAS...15..168H},
  adsnote = {Provided by the SAO/NASA Astrophysics Data System}
}

@ARTICLE{hubble34,
   author = {{Hubble}, E.},
    title = "{The Realm of the Nebulae}",
  journal = {The Scientific Monthly},
     year = 1934,
    month = sep,
   volume = 39,
    pages = {193-202},
   adsurl = {http://adsabs.harvard.edu/abs/1934SciMo..39..193H},
  adsnote = {Provided by the SAO/NASA Astrophysics Data System}
}


@ARTICLE{metropolis_etal53,
   author = {{Metropolis}, N. and {Rosenbluth}, A.~W. and {Rosenbluth}, M.~N. and 
	{Teller}, A.~H. and {Teller}, E.},
    title = "{Equation of State Calculations by Fast Computing Machines}",
  journal = {\jcp},
     year = 1953,
    month = jun,
   volume = 21,
    pages = {1087-1092},
      doi = {10.1063/1.1699114},
   adsurl = {http://adsabs.harvard.edu/abs/1953JChPh..21.1087M},
  adsnote = {Provided by the SAO/NASA Astrophysics Data System}
}

@ARTICLE{hastings70,
   author = {{Hastings}, W.K.},
    title = "{Monte Carlo Sampling Methods Using Markov Chains and Their Applications}",
  journal = {Biometrika},
     year = 1970,
   volume = 57,
    pages = {97-109}
}

@ARTICLE{gelman_rubin92,
 author = {{Gelman}, A. and {Rubin}, D.B.},
 title = "{Inference from iterative simulation using multiple sequences}",
 journal = {Statistical Science},
 volume = 7,
 pages = {457-511},
 year = 1992,
 note="\url{http://www.stat.columbia.edu/~gelman/research/published/itsim.pdf}"
}

@ARTICLE{giakoumatos_etal99,
 author = {{Giakoumatos}, S.G. and {Vrontos}, I.D. and {Dellaportas}, P. and {Politis} D.N.},
 title = "{An MCMC Convergence Diagnostic using Subsampling}",
 journal = { J. Comput. Graph. Statistics},
 volume = 8,
 pages = {431-451},
 year = {1999}
}

@ARTICLE{lewis13,
   author = {{Lewis}, A.},
    title = "{Efficient sampling of fast and slow cosmological parameters}",
  journal = {\prd},
archivePrefix = "arXiv",
   eprint = {1304.4473},
 primaryClass = "astro-ph.CO",
 keywords = {Cosmology, Background radiations, Observational cosmology},
     year = 2013,
    month = may,
   volume = 87,
   number = 10,
      eid = {103529},
    pages = {103529},
      doi = {10.1103/PhysRevD.87.103529},
   adsurl = {http://adsabs.harvard.edu/abs/2013PhRvD..87j3529L},
  adsnote = {Provided by the SAO/NASA Astrophysics Data System}
}


@ARTICLE{anderson_etal14,
   author = {{Anderson}, L. and {Aubourg}, {\'E}. and {Bailey}, S. and {et al.}},
    title = "{The clustering of galaxies in the SDSS-III Baryon Oscillation Spectroscopic Survey: baryon acoustic oscillations in the Data Releases 10 and 11 Galaxy samples}",
  journal = {\mnras},
archivePrefix = "arXiv",
   eprint = {1312.4877},
 keywords = {cosmological parameters, cosmology: observations, dark energy, distance scale, large-scale structure of Universe},
     year = 2014,
    month = jun,
   volume = 441,
    pages = {24-62},
      doi = {10.1093/mnras/stu523},
   adsurl = {http://adsabs.harvard.edu/abs/2014MNRAS.441...24A},
  adsnote = {Provided by the SAO/NASA Astrophysics Data System}
}


@ARTICLE{dunkley_etal05,
   author = {{Dunkley}, J. and {Bucher}, M. and {Ferreira}, P.~G. and {Moodley}, K. and 
	{Skordis}, C.},
    title = "{Fast and reliable Markov chain Monte Carlo technique for cosmological parameter estimation}",
  journal = {\mnras},
   eprint = {astro-ph/0405462},
 keywords = {methods: data analysis, methods: statistical, cosmic microwave background},
     year = 2005,
    month = jan,
   volume = 356,
    pages = {925-936},
      doi = {10.1111/j.1365-2966.2004.08464.x},
   adsurl = {http://adsabs.harvard.edu/abs/2005MNRAS.356..925D},
  adsnote = {Provided by the SAO/NASA Astrophysics Data System}
}

@ARTICLE{brooks_gelman98,
 author = {{Brooks}, S.P. and {Gelman}, A.},
 title = "{General Methods for Monitoring Convergence of Iterative Simulations}",
 journal = {Journal of Computational and Graphical Statistics},
 volume = 7,
 number=4,
 pages = {434-455},
 year = 1998,
 note="\url{http://www.stat.columbia.edu/~gelman/research/published/brooksgelman2.pdf}"
}

@article {goodman_weare10,
    author       = {Goodman, Jonathan and Weare, Jonathan},
    title        = {Ensemble samplers with affine invariance.},
    year         = {2010},
    journal      = {Communications in Applied Mathematics and Computational Science},
    volume       = {5},
    number       = {1},
    issn         = {1559-3940},
    pages        = {65-80},
    publisher    = {Mathematical Sciences Publishers (MSP), Berkeley, CA},
    doi          = {10.2140/camcos.2010.5.65},
    abstract     = {Summary: We propose a family of Markov chain Monte Carlo (MCMC) methods whose performance is unaffected by affine tranformations of space. These algorithms are easy to construct and require little or no additional computational overhead. They should be particularly useful for sampling badly scaled distributions. Computational tests show that the affine invariant methods can be significantly faster than standard MCMC methods on highly skewed distributions.},
    identifier   = {05709093},
}

@article{foreman_mackey_etal13,
   author = {{Foreman-Mackey}, D. and {Hogg}, D.~W. and {Lang}, D. and {Goodman}, J.
},
    title = "{emcee: The MCMC Hammer}",
  journal = {\pasp},
archivePrefix = "arXiv",
   eprint = {1202.3665},
 primaryClass = "astro-ph.IM",
     year = 2013,
    month = mar,
   volume = 125,
    pages = {306-312},
      doi = {10.1086/670067},
   adsurl = {http://adsabs.harvard.edu/abs/2013PASP..125..306F},
  adsnote = {Provided by the SAO/NASA Astrophysics Data System}
}


@ARTICLE{dagostini05,
   author = {{D'Agostini}, G.},
    title = "{Fits, and especially linear fits, with errors on both axes, extra variance of the data points and other complications}",
  journal = {{\tt physics/0511182}},
   eprint = {physics/0511182},
 keywords = {Physics - Data Analysis, Statistics and Probability, Astrophysics},
     year = 2005,
    month = nov,
   adsurl = {http://adsabs.harvard.edu/abs/2005physics..11182D},
  adsnote = {Provided by the SAO/NASA Astrophysics Data System}
}

@ARTICLE{vikhlinin_etal09,
   author = {{Vikhlinin}, A. and {Burenin}, R.~A. and {Ebeling}, H. and {Forman}, W.~R. and 
	{Hornstrup}, A. and {Jones}, C. and {Kravtsov}, A.~V. and {Murray}, S.~S. and 
	{Nagai}, D. and {Quintana}, H. and {Voevodkin}, A.},
    title = "{Chandra Cluster Cosmology Project. II. Samples and X-Ray Data Reduction}",
  journal = {\apj},
archivePrefix = "arXiv",
   eprint = {0805.2207},
 keywords = {catalogs, galaxies: clusters: general, surveys, X-rays: galaxies},
     year = 2009,
    month = feb,
   volume = 692,
    pages = {1033-1059},
      doi = {10.1088/0004-637X/692/2/1033},
   adsurl = {http://adsabs.harvard.edu/abs/2009ApJ...692.1033V},
  adsnote = {Provided by the SAO/NASA Astrophysics Data System}
}

@ARTICLE{hoekstra_etal15,
   author = {{Hoekstra}, H. and {Herbonnet}, R. and {Muzzin}, A. and {Babul}, A. and 
	{Mahdavi}, A. and {Viola}, M. and {Cacciato}, M.},
    title = "{The Canadian Cluster Comparison Project: detailed study of systematics and updated weak lensing masses}",
  journal = {{\mnras} submitted ({\tt arXiv/1502.01883})},
archivePrefix = "arXiv",
   eprint = {1502.01883},
 keywords = {Astrophysics - Cosmology and Nongalactic Astrophysics},
     year = 2015,
    month = feb,
   adsurl = {http://adsabs.harvard.edu/abs/2015arXiv150201883H},
  adsnote = {Provided by the SAO/NASA Astrophysics Data System}
}


%%% AAAA %%%%

@ARTICLE{aarseth_etal79,
   author = {{Aarseth}, S.~J. and {Turner}, E.~L. and {Gott}, III, J.~R.},
    title = "{N-body simulations of galaxy clustering. I - Initial conditions and galaxy collapse times}",
  journal = {\apj},
     year = 1979,
    month = mar,
   volume = 228,
    pages = {664-683},
      doi = {10.1086/156892},
   adsurl = {http://adsabs.harvard.edu/abs/1979ApJ...228..664A},
  adsnote = {Provided by the SAO/NASA Astrophysics Data System}
}

@ARTICLE{aarseth63,
   author = {{Aarseth}, S.~J.},
    title = "{Dynamical evolution of clusters of galaxies, I}",
  journal = {\mnras},
     year = 1963,
   volume = 126,
    pages = {223-+},
   adsurl = {http://adsabs.harvard.edu/abs/1963MNRAS.126..223A},
  adsnote = {Provided by the SAO/NASA Astrophysics Data System}
}

@ARTICLE{agertz_etal07,
    author = {{Agertz}, O. and {Moore}, B. and {Stadel}, J. and {et al.}},
    title = "{Fundamental differences between SPH and grid methods}",
    journal = {{\mnras} submitted (astro-ph/0610051)},
    eprint = {arXiv:astro-ph/0610051},
    year = 2007,
    month = aug,
   adsurl = {http://adsabs.harvard.edu/cgi-bin/nph-bib_query?bibcode=2006astro.ph..3205K&db_key=PRE},
  adsnote = {Provided by the Smithsonian/NASA Astrophysics Data System}
}

%BBB

@ARTICLE{bagla02,
   author = {{Bagla}, J.~S.},
    title = "{TreePM: A Code for Cosmological N-Body Simulations}",
  journal = {Journal of Astrophysics and Astronomy},
   eprint = {arXiv:astro-ph/9911025},
     year = 2002,
    month = dec,
   volume = 23,
    pages = {185-196},
   adsurl = {http://adsabs.harvard.edu/abs/2002JApA...23..185B},
  adsnote = {Provided by the SAO/NASA Astrophysics Data System}
}

@ARTICLE{bagla_ray03,
   author = {{Bagla}, J.~S. and {Ray}, S.},
    title = "{Performance characteristics of TreePM codes}",
  journal = {New Astronomy},
   eprint = {arXiv:astro-ph/0212129},
     year = 2003,
    month = sep,
   volume = 8,
    pages = {665-677},
      doi = {10.1016/S1384-1076(03)00056-3},
   adsurl = {http://adsabs.harvard.edu/abs/2003NewA....8..665B},
  adsnote = {Provided by the SAO/NASA Astrophysics Data System}
}

@ARTICLE{bagla_prasad06,
   author = {{Bagla}, J.~S. and {Prasad}, J.},
    title = "{Effects of the size of cosmological N-body simulations on physical quantities - I. Mass function}",
  journal = {\mnras},
   eprint = {arXiv:astro-ph/0601320},
     year = 2006,
    month = aug,
   volume = 370,
    pages = {993-1002},
      doi = {10.1111/j.1365-2966.2006.10528.x},
   adsurl = {http://adsabs.harvard.edu/abs/2006MNRAS.370..993B},
  adsnote = {Provided by the SAO/NASA Astrophysics Data System}
}

@ARTICLE{bagla_ray05,
   author = {{Bagla}, J.~S. and {Ray}, S.},
    title = "{Comments on the size of the simulation box in cosmological N-body simulations}",
  journal = {\mnras},
   eprint = {arXiv:astro-ph/0410373},
     year = 2005,
    month = apr,
   volume = 358,
    pages = {1076-1082},
      doi = {10.1111/j.1365-2966.2005.08858.x},
   adsurl = {http://adsabs.harvard.edu/abs/2005MNRAS.358.1076B},
  adsnote = {Provided by the SAO/NASA Astrophysics Data System}
}

@ARTICLE{baugh_etal95,
   author = {{Baugh}, C.~M. and {Gaztanaga}, E. and {Efstathiou}, G.},
    title = "{A comparison of the evolution of density fields in perturbation theory and numerical simulations - II. Counts-in-cells analysis}",
  journal = {\mnras},
   eprint = {arXiv:astro-ph/9408057},
     year = 1995,
    month = jun,
   volume = 274,
    pages = {1049-1070},
   adsurl = {http://adsabs.harvard.edu/abs/1995MNRAS.274.1049B},
  adsnote = {Provided by the SAO/NASA Astrophysics Data System}
}

@ARTICLE{bertschinger87,
   author = {{Bertschinger}, E.},
    title = "{Path integral methods for primordial density perturbations - Sampling of constrained Gaussian random fields}",
  journal = {\apjl},
     year = 1987,
    month = dec,
   volume = 323,
    pages = {L103-L106},
      doi = {10.1086/185066},
   adsurl = {http://adsabs.harvard.edu/abs/1987ApJ...323L.103B},
  adsnote = {Provided by the SAO/NASA Astrophysics Data System}
}

@ARTICLE{bertschinger98,
   author = {{Bertschinger}, E.},
    title = "{Simulations of Structure Formation in the Universe}",
  journal = {\araa},
     year = 1998,
   volume = 36,
    pages = {599-654},
      doi = {10.1146/annurev.astro.36.1.599},
   adsurl = {http://adsabs.harvard.edu/abs/1998ARA%26A..36..599B},
  adsnote = {Provided by the SAO/NASA Astrophysics Data System}
}

@ARTICLE{bond_efstathiou84,
   author = {{Bond}, J.~R. and {Efstathiou}, G.},
    title = "{Cosmic background radiation anisotropies in universes dominated by nonbaryonic dark matter}",
  journal = {\apjl},
 keywords = {BACKGROUND RADIATION, BIG BANG COSMOLOGY, DARK MATTER, ELEMENTARY PARTICLE INTERACTIONS, GALACTIC EVOLUTION, MASS TO LIGHT RATIOS, RELIC RADIATION, ANISOTROPY, BRIGHTNESS TEMPERATURE, GALACTIC CLUSTERS, LINEAR POLARIZATION, MASS DISTRIBUTION, NEUTRINOS},
     year = 1984,
    month = oct,
   volume = 285,
    pages = {L45-L48},
      doi = {10.1086/184362},
   adsurl = {http://adsabs.harvard.edu/abs/1984ApJ...285L..45B},
  adsnote = {Provided by the SAO/NASA Astrophysics Data System}
}

@ARTICLE{byers_grewal70,
   author = {{Byers}, J.A. and Grewal, M.},
    title = "{Perpendicularly Propagating Plasma Cyclotron Instabilities Simulated with a One-Dimensional Computer Model }",
  journal = {Phys. Fluids},
     year = 1970,
   volume = 13,
    pages = {1819-1830}
}

%CCC


@ARTICLE{colin_etal97,
   author = {{Colin}, P. and {Carlberg}, R.~G. and {Couchman}, H.~M.~P.},
    title = "{The Omega 0 Dependence of the Evolution of XI (r)}",
  journal = {\apj},
   eprint = {arXiv:astro-ph/9604071},
 keywords = {COSMOLOGY: THEORY, COSMOLOGY: LARGE-SCALE STRUCTURE OF UNIVERSE},
     year = 1997,
    month = nov,
   volume = 490,
    pages = {1-+},
      doi = {10.1086/304838},
   adsurl = {http://adsabs.harvard.edu/abs/1997ApJ...490....1C},
  adsnote = {Provided by the SAO/NASA Astrophysics Data System}
}

@ARTICLE{crocce_etal06,
   author = {{Crocce}, M. and {Pueblas}, S. and {Scoccimarro}, R.},
    title = "{Transients from initial conditions in cosmological simulations}",
  journal = {\mnras},
   eprint = {arXiv:astro-ph/0606505},
     year = 2006,
    month = nov,
   volume = 373,
    pages = {369-381},
      doi = {10.1111/j.1365-2966.2006.11040.x},
   adsurl = {http://adsabs.harvard.edu/abs/2006MNRAS.373..369C},
  adsnote = {Provided by the SAO/NASA Astrophysics Data System}
}

%DDD

@ARTICLE{dalal_etal08,
   author = {{Dalal}, N. and {Dor{\'e}}, O. and {Huterer}, D. and {Shirokov}, A.
	},
    title = "{The imprints of primordial non-gaussianities on large-scale structure: scale dependent bias and abundance of virialized objects}",
  journal = {PRD submitted (astro-ph/0710.4560)},
   eprint = {0710.4560},
     year = 2007,
    month = oct,
   volume = 710,
   adsurl = {http://adsabs.harvard.edu/abs/2007arXiv0710.4560D},
  adsnote = {Provided by the SAO/NASA Astrophysics Data System}
}

@ARTICLE{dekel82,
   author = {{Dekel}, A.},
    title = "{Clustering of Lyman-alpha absorption lines in quasars - Like galaxies in proto-superclusters}",
  journal = {\apjl},
     year = 1982,
    month = oct,
   volume = 261,
    pages = {L13-L17},
      doi = {10.1086/183880},
   adsurl = {http://adsabs.harvard.edu/abs/1982ApJ...261L..13D},
  adsnote = {Provided by the SAO/NASA Astrophysics Data System}
}

@ARTICLE{doroshkevich_etal80,
   author = {{Doroshkevich}, A.~G. and {Kotok}, E.~V. and {Poliudov}, A.~N. and 
	{Shandarin}, S.~F. and {Sigov}, I.~S. and {Novikov}, I.~D.},
    title = "{Two-dimensional simulation of the gravitational system dynamics and formation of the large-scale structure of the universe}",
  journal = {\mnras},
     year = 1980,
    month = aug,
   volume = 192,
    pages = {321-337},
   adsurl = {http://adsabs.harvard.edu/abs/1980MNRAS.192..321D},
  adsnote = {Provided by the SAO/NASA Astrophysics Data System}
}

@ARTICLE{efstathiou_etal85,
   author = {{Efstathiou}, G. and {Davis}, M. and {White}, S.~D.~M. and {Frenk}, C.~S.
	},
    title = "{Numerical techniques for large cosmological N-body simulations}",
  journal = {\apjs},
     year = 1985,
    month = feb,
   volume = 57,
    pages = {241-260},
      doi = {10.1086/191003},
   adsurl = {http://adsabs.harvard.edu/abs/1985ApJS...57..241E},
  adsnote = {Provided by the SAO/NASA Astrophysics Data System}
}

%GGG

@ARTICLE{ganon_hoffman93,
   author = {{Ganon}, G. and {Hoffman}, Y.},
    title = "{Constrained realizations of Gaussian fields - Reconstruction of the large-scale structure}",
  journal = {\apjl},
     year = 1993,
    month = sep,
   volume = 415,
    pages = {L5-L8},
      doi = {10.1086/187019},
   adsurl = {http://adsabs.harvard.edu/abs/1993ApJ...415L...5G},
  adsnote = {Provided by the SAO/NASA Astrophysics Data System}
}

@ARTICLE{goetz_sommerlarsen03,
   author = {{G{\"o}tz}, M. and {Sommer-Larsen}, J.},
    title = "{Galaxy formation: Warm dark matter, missing satellites, and the angular momentum problem}",
  journal = {\apss},
   eprint = {arXiv:astro-ph/0210599},
     year = 2003,
    month = apr,
   volume = 284,
    pages = {341-344},
      doi = {10.1023/A:1024073909753},
   adsurl = {http://adsabs.harvard.edu/abs/2003Ap%26SS.284..341G},
  adsnote = {Provided by the SAO/NASA Astrophysics Data System}
}

@ARTICLE{grossi_etal07,
   author = {{Grossi}, M. and {Dolag}, K. and {Branchini}, E. and {Matarrese}, S. and 
	{Moscardini}, L.},
    title = "{Evolution of massive haloes in non-Gaussian scenarios}",
  journal = {\mnras},
   eprint = {arXiv:0707.2516},
     year = 2007,
    month = dec,
   volume = 382,
    pages = {1261-1267},
      doi = {10.1111/j.1365-2966.2007.12458.x},
   adsurl = {http://adsabs.harvard.edu/abs/2007MNRAS.382.1261G},
  adsnote = {Provided by the SAO/NASA Astrophysics Data System}
}

%HHH

@ARTICLE{hamana_etal02,
   author = {{Hamana}, T. and {Yoshida}, N. and {Suto}, Y.},
    title = "{Reliability of the Dark Matter Clustering in Cosmological N-Body Simulations on Scales below the Mean Separation Length of Particles}",
  journal = {\apj},
   eprint = {arXiv:astro-ph/0111158},
     year = 2002,
    month = apr,
   volume = 568,
    pages = {455-462},
      doi = {10.1086/338970},
   adsurl = {http://adsabs.harvard.edu/abs/2002ApJ...568..455H},
  adsnote = {Provided by the SAO/NASA Astrophysics Data System}
}

@ARTICLE{hansen_etal07,
   author = {{Hansen}, S.~H. and {Agertz}, O. and {Joyce}, M. and {Stadel}, J. and 
	{Moore}, B. and {Potter}, D.},
    title = "{An Alternative to Grids and Glasses: Quaquaversal Pre-Initial Conditions for N-Body Simulations}",
  journal = {\apj},
   eprint = {arXiv:astro-ph/0606148},
     year = 2007,
    month = feb,
   volume = 656,
    pages = {631-635},
      doi = {10.1086/510477}
}

@ARTICLE{harrison70,
   author = {{Harrison}, E.~R.},
    title = "{Fluctuations at the threshold of classical cosmology.}",
  journal = {\prd},
 keywords = {Galaxies:Formation},
     year = 1970,
   volume = 1,
    pages = {2726-2730},
   adsurl = {http://adsabs.harvard.edu/abs/1970PhRvD...1.2726H},
  adsnote = {Provided by the SAO/NASA Astrophysics Data System}
}

@ARTICLE{hoffman_ribak91,
   author = {{Hoffman}, Y. and {Ribak}, E.},
    title = "{Constrained realizations of Gaussian fields - A simple algorithm}",
  journal = {\apjl},
     year = 1991,
    month = oct,
   volume = 380,
    pages = {L5-L8},
      doi = {10.1086/186160},
   adsurl = {http://adsabs.harvard.edu/abs/1991ApJ...380L...5H},
  adsnote = {Provided by the SAO/NASA Astrophysics Data System}
}

@ARTICLE{holmberg41,
   author = {{Holmberg}, E.},
    title = "{On the Clustering Tendencies among the Nebulae. II. a Study of Encounters Between Laboratory Models of Stellar Systems by a New Integration Procedure.}",
  journal = {\apj},
     year = 1941,
    month = nov,
   volume = 94,
    pages = {385-+},
   adsurl = {http://adsabs.harvard.edu/abs/1941ApJ....94..385H},
  adsnote = {Provided by the SAO/NASA Astrophysics Data System}
}

@ARTICLE{hu_jain04,
   author = {{Hu}, W. and {Jain}, B.},
    title = "{Joint galaxy-lensing observables and the dark energy}",
  journal = {\prd},
   eprint = {arXiv:astro-ph/0312395},
     year = 2004,
    month = aug,
   volume = 70,
   number = 4,
    pages = {043009-+},
      doi = {10.1103/PhysRevD.70.043009},
   adsurl = {http://adsabs.harvard.edu/abs/2004PhRvD..70d3009H},
  adsnote = {Provided by the SAO/NASA Astrophysics Data System}
}

%JJJ

@ARTICLE{joyce_marcos07a,
   author = {{Joyce}, M. and {Marcos}, B.},
    title = "{Quantification of discreteness effects in cosmological N-body simulations: Initial conditions}",
  journal = {\prd},
     year = 2007,
    month = mar,
   volume = 75,
   number = 6,
    pages = {063516-+},
      doi = {10.1103/PhysRevD.75.063516},
   adsurl = {http://adsabs.harvard.edu/abs/2007PhRvD..75f3516J},
  adsnote = {Provided by the SAO/NASA Astrophysics Data System}
}

@ARTICLE{joyce_marcos07b,
   author = {{Joyce}, M. and {Marcos}, B.},
    title = "{Quantification of discreteness effects in cosmological N-body simulations. II. Evolution up to shell crossing}",
  journal = {\prd},
   eprint = {arXiv:0704.3697},
     year = 2007,
    month = nov,
   volume = 76,
   number = 10,
    pages = {103505-+},
      doi = {10.1103/PhysRevD.76.103505},
   adsurl = {http://adsabs.harvard.edu/abs/2007PhRvD..76j3505J},
  adsnote = {Provided by the SAO/NASA Astrophysics Data System}
}

%KKK

@ARTICLE{kiakotou_etal08,
   author = {{Kiakotou}, A. and {Elgar{\o}y}, {\O}. and {Lahav}, O.},
    title = "{Neutrino mass, dark energy, and the linear growth factor}",
  journal = {\prd},
   eprint = {arXiv:0709.0253},
     year = 2008,
    month = mar,
   volume = 77,
   number = 6,
    pages = {063005-+},
      doi = {10.1103/PhysRevD.77.063005},
   adsurl = {http://adsabs.harvard.edu/abs/2008PhRvD..77f3005K},
  adsnote = {Provided by the SAO/NASA Astrophysics Data System}
}

@ARTICLE{klypin_shandarin83,
   author = {{Klypin}, A.~A. and {Shandarin}, S.~F.},
    title = "{Three-dimensional numerical model of the formation of large-scale structure in the Universe}",
  journal = {\mnras},
     year = 1983,
    month = sep,
   volume = 204,
    pages = {891-907},
   adsurl = {http://adsabs.harvard.edu/abs/1983MNRAS.204..891K},
  adsnote = {Provided by the SAO/NASA Astrophysics Data System}
}

@article{klypin_etal99b,
   author    = {Anatoly A. Klypin and Stefan Gottl{\"o}ber and Andrey
                V. Kravtsov and Alexei M. Khokhlov},
   title     = {Galaxies in {$N$}--body simulations: {O}vercoming the
       overmerging problem},
   year      = 1999,
   volume    = 516,
   pages     = {530--551},
   journal   = {\apj}
}

@ARTICLE{klypin_etal01,
   author = {{Klypin}, A. and {Kravtsov}, A.~V. and {Bullock}, J.~S. and 
	{Primack}, J.~R.},
    title = "{Resolving the Structure of Cold Dark Matter Halos}",
  journal = {\apj},
   eprint = {arXiv:astro-ph/0006343},
     year = 2001,
    month = jun,
   volume = 554,
    pages = {903-915},
      doi = {10.1086/321400},
   adsurl = {http://adsabs.harvard.edu/abs/2001ApJ...554..903K},
  adsnote = {Provided by the SAO/NASA Astrophysics Data System}
}

@ARTICLE{knebe_etal00,
   author = {{Knebe}, A. and {Kravtsov}, A.~V. and {Gottl{\"o}ber}, S. and 
	{Klypin}, A.~A.},
    title = "{On the effects of resolution in dissipationless cosmological simulations}",
  journal = {\mnras},
   eprint = {arXiv:astro-ph/9912257},
     year = 2000,
    month = sep,
   volume = 317,
    pages = {630-648},
   adsurl = {http://adsabs.harvard.edu/abs/2000MNRAS.317..630K},
  adsnote = {Provided by the SAO/NASA Astrophysics Data System}
}

@INPROCEEDINGS{kolb_etal99,
   author = {{Kolb}, E.~W. and {Chung}, D.~J.~H. and {Riotto}, A.},
    title = "{Wimpzillas!}",
booktitle = {Trends in Theoretical Physics II},
     year = 1999,
   series = {American Institute of Physics Conference Series},
   volume = 484,
   editor = {{Falomir}, H. and {Gamboa Saravi}, R.~E. and {Schaposnik}, F.~A.
	},
    pages = {91-+},
   adsurl = {http://adsabs.harvard.edu/abs/1999AIPC..484...91K},
  adsnote = {Provided by the SAO/NASA Astrophysics Data System}
}

@ARTICLE{kravtsov_etal02,
    author = {{Kravtsov}, A.~V. and {Klypin}, A. and {Hoffman}, Y.},
    title = "{Constrained Simulations of the Real Universe. II. Observational Signatures of Intergalactic Gas in the Local Supercluster Region}",
    journal = {\apj},
    year = 2002,
    month = jun,
    volume = 571,
    pages = {563-575}
}


@phdthesis{kravtsov99,
   author    = {{Kravtsov}, A.\ V.},
   title     = {High-resolution simulations of structure formation in the
                Universe},
   year      = {1999},
   school    = {New Mexico State University}
}
		  
@ARTICLE{kravtsov_etal97,
    author  = {Andrey V. Kravtsov and Anatoly A. Klypin and Alexei M. Khokhlov},
    title   = {{A}daptive {R}efinement {T}ree: A New High-Resolution
		  {N}-Body Code for Cosmological Simulations},
    journal = {\apjs},
    year    = 1997,
    month   = jul,
    volume  = 111,
    pages   = {73--94}
}

%MMM

@ARTICLE{melott_etal97,
   author = {{Melott}, A.~L. and {Shandarin}, S.~F. and {Splinter}, R.~J. and 
	{Suto}, Y.},
    title = "{Demonstrating Discreteness and Collision Error in Cosmological N-Body Simulations of Dark Matter Gravitational Clustering}",
  journal = {\apjl},
   eprint = {arXiv:astro-ph/9609152},
     year = 1997,
    month = apr,
   volume = 479,
    pages = {L79+},
      doi = {10.1086/310590},
   adsurl = {http://adsabs.harvard.edu/abs/1997ApJ...479L..79M},
  adsnote = {Provided by the SAO/NASA Astrophysics Data System}
}

@ARTICLE{miller83,
   author = {{Miller}, R.~H.},
    title = "{Numerical experiments on the clustering of galaxies}",
  journal = {\apj},
     year = 1983,
    month = jul,
   volume = 270,
    pages = {390-409},
      doi = {10.1086/161133},
   adsurl = {http://adsabs.harvard.edu/abs/1983ApJ...270..390M},
  adsnote = {Provided by the SAO/NASA Astrophysics Data System}
}

@ARTICLE{miller84,
   author = {{Miller}, R.~H.},
    title = "{Numerical experiments on galaxy clustering in open universes}",
  journal = {\aap},
     year = 1984,
    month = sep,
   volume = 138,
    pages = {121-130},
   adsurl = {http://adsabs.harvard.edu/abs/1984A%26A...138..121M},
  adsnote = {Provided by the SAO/NASA Astrophysics Data System}
}

@ARTICLE{moscardini_etal91,
   author = {{Moscardini}, L. and {Matarrese}, S. and {Lucchin}, F. and {Messina}, A.
	},
    title = "{Non-Gaussian initial conditions in cosmological N-body simulations. II - Cold Dark Matter models}",
  journal = {\mnras},
     year = 1991,
    month = feb,
   volume = 248,
    pages = {424-438},
   adsurl = {http://adsabs.harvard.edu/abs/1991MNRAS.248..424M},
  adsnote = {Provided by the SAO/NASA Astrophysics Data System}
}

%PPP

@ARTICLE{peebles70,
   author = {{Peebles}, P.~J.~E.},
    title = "{Structure of the Coma Cluster of Galaxies}",
  journal = {\aj},
     year = 1970,
    month = feb,
   volume = 75,
    pages = {13-+},
   adsurl = {http://adsabs.harvard.edu/abs/1970AJ.....75...13P},
  adsnote = {Provided by the SAO/NASA Astrophysics Data System}
}

@BOOK{peebles80,
   author = {{Peebles}, P.~J.~E.},
    title = "{The large-scale structure of the universe}",
publisher = {Research supported by the National Science Foundation.~Princeton, N.J., Princeton University Press, 1980.~435 p.},
     year = 1980,
   adsurl = {http://adsabs.harvard.edu/abs/1980lssu.book.....P},
  adsnote = {Provided by the SAO/NASA Astrophysics Data System}
}

@ARTICLE{pen97,
   author = {{Pen}, U.-L.},
    title = "{Generating Cosmological Gaussian Random Fields}",
  journal = {\apjl},
   eprint = {arXiv:astro-ph/9709261},
     year = 1997,
    month = dec,
   volume = 490,
    pages = {L127+},
      doi = {10.1086/311042},
   adsurl = {http://adsabs.harvard.edu/abs/1997ApJ...490L.127P},
  adsnote = {Provided by the SAO/NASA Astrophysics Data System}
}

%RRR

@INPROCEEDINGS{roszkowski99,
   author = {{Roszkowski}, L.},
    title = "{Non-Baryonic Dark Matter-A Theoretical Perspective}",
booktitle = {COSMO-98},
     year = 1999,
   series = {American Institute of Physics Conference Series},
   volume = 478,
   editor = {{Caldwell}, D.~O.},
    pages = {316-+},
   adsurl = {http://adsabs.harvard.edu/abs/1999AIPC..478..316R},
  adsnote = {Provided by the SAO/NASA Astrophysics Data System}
}

%SSS

@ARTICLE{salmon96,
   author = {{Salmon}, J.},
    title = "{Generation of Correlated and Constrained Gaussian Stochastic Processes for N-Body Simulations}",
  journal = {\apj},
     year = 1996,
    month = mar,
   volume = 460,
    pages = {59},
      doi = {10.1086/176952},
   adsurl = {http://adsabs.harvard.edu/abs/1996ApJ...460...59S},
  adsnote = {Provided by the SAO/NASA Astrophysics Data System}
}

@ARTICLE{sheth95,
   author = {{Sheth}, R.~K.},
    title = "{Constrained realizations and minimum variance reconstruction of non-Gaussian random fields}",
  journal = {\mnras},
   eprint = {arXiv:astro-ph/9511096},
     year = 1995,
    month = dec,
   volume = 277,
    pages = {933-944},
   adsurl = {http://adsabs.harvard.edu/abs/1995MNRAS.277..933S},
  adsnote = {Provided by the SAO/NASA Astrophysics Data System}
}

@ARTICLE{seljak_etal03,
   author = {{Seljak}, U. and {Sugiyama}, N. and {White}, M. and {Zaldarriaga}, M.
	},
    title = "{Comparison of cosmological Boltzmann codes: Are we ready for high precision cosmology?}",
  journal = {\prd},
   eprint = {arXiv:astro-ph/0306052},
     year = 2003,
    month = oct,
   volume = 68,
   number = 8,
    pages = {083507-+},
   adsurl = {http://adsabs.harvard.edu/abs/2003PhRvD..68h3507S},
  adsnote = {Provided by the SAO/NASA Astrophysics Data System}
}

@ARTICLE{sellwood83,
   author = {{Sellwood}, J.~A.},
    title = "{Quiet starts for galaxy simulations}",
  journal = {Journal of Computational Physics},
     year = 1983,
    month = jun,
   volume = 50,
    pages = {337-359},
   adsurl = {http://adsabs.harvard.edu/abs/1983JCoPh..50..337S},
  adsnote = {Provided by the SAO/NASA Astrophysics Data System}
}

@ARTICLE{sirko05,
   author = {{Sirko}, E.},
    title = "{Initial Conditions to Cosmological N-Body Simulations, or, How to Run an Ensemble of Simulations}",
  journal = {\apj},
   eprint = {arXiv:astro-ph/0503106},
     year = 2005,
    month = nov,
   volume = 634,
    pages = {728-743},
      doi = {10.1086/497090},
   adsurl = {http://adsabs.harvard.edu/abs/2005ApJ...634..728S},
  adsnote = {Provided by the SAO/NASA Astrophysics Data System}
}

@ARTICLE{smith_etal03,
   author = {{Smith}, R.~E. and {Peacock}, J.~A. and {Jenkins}, A. and {White}, S.~D.~M. and 
	{Frenk}, C.~S. and {Pearce}, F.~R. and {Thomas}, P.~A. and {Efstathiou}, G. and 
	{Couchman}, H.~M.~P.},
    title = "{Stable clustering, the halo model and non-linear cosmological power spectra}",
  journal = {\mnras},
   eprint = {arXiv:astro-ph/0207664},
     year = 2003,
    month = jun,
   volume = 341,
    pages = {1311-1332},
      doi = {10.1046/j.1365-8711.2003.06503.x},
   adsurl = {http://adsabs.harvard.edu/abs/2003MNRAS.341.1311S},
  adsnote = {Provided by the SAO/NASA Astrophysics Data System}
}

@ARTICLE{splinter_etal98,
   author = {{Splinter}, R.~J. and {Melott}, A.~L. and {Shandarin}, S.~F. and 
	{Suto}, Y.},
    title = "{Fundamental Discreteness Limitations of Cosmological N-Body Clustering Simulations}",
  journal = {\apj},
   eprint = {arXiv:astro-ph/9706099},
     year = 1998,
    month = apr,
   volume = 497,
    pages = {38-+},
      doi = {10.1086/305450},
   adsurl = {http://adsabs.harvard.edu/abs/1998ApJ...497...38S},
  adsnote = {Provided by the SAO/NASA Astrophysics Data System}
}

%TTT

@ARTICLE{tormen_etal97,
   author = {{Tormen}, G. and {Bouchet}, F.~R. and {White}, S.~D.~M.},
    title = "{The structure and dynamical evolution of dark matter haloes}",
  journal = {\mnras},
   eprint = {arXiv:astro-ph/9603132},
     year = 1997,
    month = apr,
   volume = 286,
    pages = {865-884},
   adsurl = {http://adsabs.harvard.edu/abs/1997MNRAS.286..865T},
  adsnote = {Provided by the SAO/NASA Astrophysics Data System}
}

%VVV

@ARTICLE{vonhoerner60,
   author = {{von Hoerner}, S.},
    title = "{Die numerische Integration des n-K{\"o}rper-Problemes f{\"u}r Sternhaufen. I}",
  journal = {Zeitschrift fur Astrophysik},
     year = 1960,
   volume = 50,
    pages = {184-214},
   adsurl = {http://adsabs.harvard.edu/abs/1960ZA.....50..184V},
  adsnote = {Provided by the SAO/NASA Astrophysics Data System}
}

%WWW
@ARTICLE{wang_white07,
   author = {{Wang}, J. and {White}, S.~D.~M.},
    title = "{Discreteness effects in simulations of hot/warm dark matter}",
  journal = {\mnras},
   eprint = {arXiv:astro-ph/0702575},
     year = 2007,
    month = sep,
   volume = 380,
    pages = {93-103},
      doi = {10.1111/j.1365-2966.2007.12053.x},
   adsurl = {http://adsabs.harvard.edu/abs/2007MNRAS.380...93W},
  adsnote = {Provided by the SAO/NASA Astrophysics Data System}
}

@ARTICLE{warren_etal92,
   author = {{Warren}, M.~S. and {Quinn}, P.~J. and {Salmon}, J.~K. and {Zurek}, W.~H.
	},
    title = "{Dark halos formed via dissipationless collapse. I - Shapes and alignment of angular momentum}",
  journal = {\apj},
     year = 1992,
    month = nov,
   volume = 399,
    pages = {405-425},
      doi = {10.1086/171937},
   adsurl = {http://adsabs.harvard.edu/abs/1992ApJ...399..405W},
  adsnote = {Provided by the SAO/NASA Astrophysics Data System}
}

@ARTICLE{weinberg_cole92,
   author = {{Weinberg}, D.~H. and {Cole}, S.},
    title = "{Non-Gaussian fluctuations and the statistics of galaxy clustering}",
  journal = {\mnras},
     year = 1992,
    month = dec,
   volume = 259,
    pages = {652-694},
   adsurl = {http://adsabs.harvard.edu/abs/1992MNRAS.259..652W},
  adsnote = {Provided by the SAO/NASA Astrophysics Data System}
}

@ARTICLE{white76,
   author = {{White}, S.~D.~M.},
    title = "{The dynamics of rich clusters of galaxies}",
  journal = {\mnras},
     year = 1976,
    month = dec,
   volume = 177,
    pages = {717-733},
   adsurl = {http://adsabs.harvard.edu/abs/1976MNRAS.177..717W},
  adsnote = {Provided by the SAO/NASA Astrophysics Data System}
}

@ARTICLE{white94,
   author = {{White}, S.~D.~M.},
    title = "{Formation and Evolution of Galaxies: Les Houches Lectures}",
  journal = {ArXiv Astrophysics e-prints},
   eprint = {astro-ph/9410043},
     year = 1994,
    month = oct,
   adsurl = {http://adsabs.harvard.edu/abs/1994astro.ph.10043W},
  adsnote = {Provided by the SAO/NASA Astrophysics Data System}
}

@INPROCEEDINGS{white96,
   author = {{White}, S.~D.~M.},
    title = "{Formation and Evolution of Galaxies}",
booktitle = {Cosmology and Large Scale Structure},
     year = 1996,
   editor = {{Schaeffer}, R. and {Silk}, J. and {Spiro}, M. and {Zinn-Justin}, J.
	},
    month = jan,
    pages = {349},
   adsurl = {http://adsabs.harvard.edu/abs/1996clss.conf..349W},
  adsnote = {Provided by the SAO/NASA Astrophysics Data System}
}

%ZZZ

@ARTICLE{zeldovich65,
   author = {{Zel'dovich}, Y.~B.},
    title = "{}",
  journal = {Adv. Astron. \& Astrophys.},
     year = 1965,
   volume = 3,
    pages = {241}
}

@ARTICLE{zeldovich70,
   author = {{Zel'dovich}, Y.~B.},
    title = "{Gravitational instability: An approximate theory for large density perturbations.}",
  journal = {\aap},
     year = 1970,
    month = mar,
   volume = 5,
    pages = {84-89},
   adsurl = {http://adsabs.harvard.edu/abs/1970A%26A.....5...84Z},
  adsnote = {Provided by the SAO/NASA Astrophysics Data System}
}


@ARTICLE{zeldovich72,
   author = {{Zeldovich}, Y.~B.},
    title = "{A hypothesis, unifying the structure and the entropy of the Universe}",
  journal = {\mnras},
     year = 1972,
   volume = 160,
    pages = {1P-+},
   adsurl = {http://adsabs.harvard.edu/abs/1972MNRAS.160P...1Z},
  adsnote = {Provided by the SAO/NASA Astrophysics Data System}
}

@ARTICLE{sz96,
   author = {{Seljak}, U. and {Zaldarriaga}, M.},
    title = "{A Line-of-Sight Integration Approach to Cosmic Microwave Background Anisotropies}",
  journal = {\apj},
   eprint = {arXiv:astro-ph/9603033},
 keywords = {COSMOLOGY: COSMIC MICROWAVE BACKGROUND, COSMOLOGY: THEORY, METHODS: NUMERICAL},
     year = 1996,
    month = oct,
   volume = 469,
    pages = {437-+},
      doi = {10.1086/177793},
   adsurl = {http://adsabs.harvard.edu/abs/1996ApJ...469..437S},
  adsnote = {Provided by the SAO/NASA Astrophysics Data System}
}

@ARTICLE{lcl00,
   author = {{Lewis}, A. and {Challinor}, A. and {Lasenby}, A.},
    title = "{Efficient Computation of Cosmic Microwave Background Anisotropies in Closed Friedmann-Robertson-Walker Models}",
  journal = {\apj},
   eprint = {arXiv:astro-ph/9911177},
 keywords = {Cosmology: Cosmic Microwave Background, Cosmology: Theory},
     year = 2000,
    month = aug,
   volume = 538,
    pages = {473-476},
      doi = {10.1086/309179},
   adsurl = {http://adsabs.harvard.edu/abs/2000ApJ...538..473L},
  adsnote = {Provided by the SAO/NASA Astrophysics Data System}
}

@ARTICLE{bbks86,
   author = {{Bardeen}, J.~M. and {Bond}, J.~R. and {Kaiser}, N. and {Szalay}, A.~S.
	},
    title = "{The statistics of peaks of Gaussian random fields}",
  journal = {\apj},
 keywords = {COSMOLOGY, DENSITY DISTRIBUTION, GALACTIC CLUSTERS, GALACTIC EVOLUTION, RANDOM PROCESSES, STATISTICAL ANALYSIS, DENSITY (NUMBER/VOLUME), MASS DISTRIBUTION, MASS TO LIGHT RATIOS, MAXIMA, MISSING MASS (ASTROPHYSICS), PROBABILITY DISTRIBUTION FUNCTIONS, RED SHIFT, STATISTICAL CORRELATION, VELOCITY DISTRIBUTION},
     year = 1986,
    month = may,
   volume = 304,
    pages = {15-61},
      doi = {10.1086/164143},
   adsurl = {http://adsabs.harvard.edu/abs/1986ApJ...304...15B},
  adsnote = {Provided by the SAO/NASA Astrophysics Data System}
}

@ARTICLE{eh99,
   author = {{Eisenstein}, D.~J. and {Hu}, W.},
    title = "{Power Spectra for Cold Dark Matter and Its Variants}",
  journal = {\apj},
   eprint = {arXiv:astro-ph/9710252},
 keywords = {COSMOLOGY: THEORY, COSMOLOGY: DARK MATTER, COSMOLOGY: LARGE-SCALE STRUCTURE OF UNIVERSE},
     year = 1999,
    month = jan,
   volume = 511,
    pages = {5-15},
      doi = {10.1086/306640},
   adsurl = {http://adsabs.harvard.edu/abs/1999ApJ...511....5E},
  adsnote = {Provided by the SAO/NASA Astrophysics Data System}
}


@ARTICLE{eh98,
   author = {{Eisenstein}, D.~J. and {Hu}, W.},
    title = "{Baryonic Features in the Matter Transfer Function}",
  journal = {\apj},
   eprint = {arXiv:astro-ph/9709112},
 keywords = {COSMOLOGY: THEORY, COSMOLOGY: DARK MATTER, COSMOLOGY: LARGE-SCALE STRUCTURE OF UNIVERSE},
     year = 1998,
    month = mar,
   volume = 496,
    pages = {605-+},
      doi = {10.1086/305424},
   adsurl = {http://adsabs.harvard.edu/abs/1998ApJ...496..605E},
  adsnote = {Provided by the SAO/NASA Astrophysics Data System}
}

@ARTICLE{svpk03,
   author = {{Spergel}, D.~N. and {Verde}, L. and {Peiris}, H.~V. and {Komatsu}, E. and 
	{Nolta}, M.~R. and {Bennett}, C.~L. and {Halpern}, M. and {Hinshaw}, G. and 
	{Jarosik}, N. and {Kogut}, A. and {Limon}, M. and {Meyer}, S.~S. and 
	{Page}, L. and {Tucker}, G.~S. and {Weiland}, J.~L. and {Wollack}, E. and 
	{Wright}, E.~L.},
    title = "{First-Year Wilkinson Microwave Anisotropy Probe (WMAP) Observations: Determination of Cosmological Parameters}",
  journal = {\apjs},
   eprint = {arXiv:astro-ph/0302209},
 keywords = {Cosmology: Cosmic Microwave Background, Cosmology: Cosmological Parameters- Cosmology: Observations, Cosmology: Early Universe},
     year = 2003,
    month = sep,
   volume = 148,
    pages = {175-194},
      doi = {10.1086/377226},
   adsurl = {http://adsabs.harvard.edu/abs/2003ApJS..148..175S},
  adsnote = {Provided by the SAO/NASA Astrophysics Data System}
}

@ARTICLE{kravtsov_klypin99,
   author = {{Kravtsov}, A.~V. and {Klypin}, A.~A.},
    title = "{The Origin and Evolution of Halo Bias in Linear and Nonlinear Regimes}",
  journal = {\apj},
   eprint = {arXiv:astro-ph/9812311},
 keywords = {COSMOLOGY: THEORY, GALAXIES: HALOS, COSMOLOGY: LARGE-SCALE STRUCTURE OF UNIVERSE, METHODS: NUMERICAL},
     year = 1999,
    month = aug,
   volume = 520,
    pages = {437-453},
      doi = {10.1086/307495},
   adsurl = {http://adsabs.harvard.edu/abs/1999ApJ...520..437K},
  adsnote = {Provided by the SAO/NASA Astrophysics Data System}
}


@ARTICLE{jenkins_etal98,
   author = {{Jenkins}, A. and {Frenk}, C.~S. and {Pearce}, F.~R. and {Thomas}, P.~A. and 
	{Colberg}, J.~M. and {White}, S.~D.~M. and {Couchman}, H.~M.~P. and 
	{Peacock}, J.~A. and {Efstathiou}, G. and {Nelson}, A.~H.},
    title = "{Evolution of Structure in Cold Dark Matter Universes}",
  journal = {\apj},
   eprint = {arXiv:astro-ph/9709010},
 keywords = {COSMOLOGY: THEORY, COSMOLOGY: DARK MATTER, METHODS: NUMERICAL},
     year = 1998,
    month = may,
   volume = 499,
    pages = {20},
      doi = {10.1086/305615},
   adsurl = {http://adsabs.harvard.edu/abs/1998ApJ...499...20J},
  adsnote = {Provided by the SAO/NASA Astrophysics Data System}
}

@ARTICLE{spergel_steinhardt0,
   author = {{Spergel}, D.~N. and {Steinhardt}, P.~J.},
    title = "{Observational Evidence for Self-Interacting Cold Dark Matter}",
  journal = {Physical Review Letters},
   eprint = {arXiv:astro-ph/9909386},
     year = 2000,
    month = apr,
   volume = 84,
    pages = {3760-3763},
      doi = {10.1103/PhysRevLett.84.3760},
   adsurl = {http://adsabs.harvard.edu/abs/2000PhRvL..84.3760S},
  adsnote = {Provided by the SAO/NASA Astrophysics Data System}
}

@ARTICLE{bw97,
   author = {{Bunn}, E.~F. and {White}, M.},
    title = "{The 4 Year COBE Normalization and Large-Scale Structure}",
  journal = {\apj},
   eprint = {arXiv:astro-ph/9607060},
 keywords = {COSMOLOGY: COSMIC MICROWAVE BACKGROUND, COSMOLOGY: THEORY, COSMOLOGY: LARGE-SCALE STRUCTURE OF UNIVERSE, METHODS: STATISTICAL},
     year = 1997,
    month = may,
   volume = 480,
    pages = {6-+},
      doi = {10.1086/303955},
   adsurl = {http://adsabs.harvard.edu/abs/1997ApJ...480....6B},
  adsnote = {Provided by the SAO/NASA Astrophysics Data System}
}

@ARTICLE{kdnb08,
   author = {{Komatsu}, E. and {Dunkley}, J. and {Nolta}, M.~R. and {Bennett}, C.~L. and 
	{Gold}, B. and {Hinshaw}, G. and {Jarosik}, N. and {Larson}, D. and 
	{Limon}, M. and {Page}, L. and {Spergel}, D.~N. and {Halpern}, M. and 
	{Hill}, R.~S. and {Kogut}, A. and {Meyer}, S.~S. and {Tucker}, G.~S. and 
	{Weiland}, J.~L. and {Wollack}, E. and {Wright}, E.~L.},
    title = "{Five-Year Wilkinson Microwave Anisotropy Probe (WMAP) Observations: Cosmological Interpretation}",
  journal = {ArXiv e-prints},
   eprint = {0803.0547},
 keywords = {Astrophysics},
     year = 2008,
    month = mar,
   volume = 803,
   adsurl = {http://adsabs.harvard.edu/abs/2008arXiv0803.0547K},
  adsnote = {Provided by the SAO/NASA Astrophysics Data System}
}

@ARTICLE{cpt92,
   author = {{Carroll}, S.~M. and {Press}, W.~H. and {Turner}, E.~L.},
    title = "{The cosmological constant}",
  journal = {\araa},
 keywords = {COSMOLOGY, GRAVITATIONAL LENSES, HUBBLE CONSTANT, RELATIVISTIC THEORY, COMPUTATIONAL ASTROPHYSICS, GRAVITATIONAL FIELDS, UNIVERSE},
     year = 1992,
   volume = 30,
    pages = {499-542},
      doi = {10.1146/annurev.aa.30.090192.002435},
   adsurl = {http://adsabs.harvard.edu/abs/1992ARA%26A..30..499C},
  adsnote = {Provided by the SAO/NASA Astrophysics Data System}
}

@ARTICLE{h77,
   author = {{Heath}, D.~J.},
    title = "{The growth of density perturbations in zero pressure Friedmann-Lemaitre universes}",
  journal = {\mnras},
 keywords = {ASTRONOMICAL MODELS, GALACTIC EVOLUTION, GRAVITATIONAL COLLAPSE, PERTURBATION THEORY, SPACE DENSITY, UNIVERSE, AMPLIFICATION, COSMOLOGY, DECELERATION, DECOUPLING, DIFFERENTIAL EQUATIONS, GRAVITATION THEORY, RED SHIFT, RELATIVITY},
     year = 1977,
    month = may,
   volume = 179,
    pages = {351-358},
   adsurl = {http://adsabs.harvard.edu/abs/1977MNRAS.179..351H},
  adsnote = {Provided by the SAO/NASA Astrophysics Data System}
}

@ARTICLE{p97,
   author = {{Pen}, U.-L.},
    title = "{Generating Cosmological Gaussian Random Fields}",
  journal = {\apjl},
   eprint = {arXiv:astro-ph/9709261},
 keywords = {METHODS: NUMERICAL, COSMOLOGY: LARGE-SCALE STRUCTURE OF UNIVERSE},
     year = 1997,
    month = dec,
   volume = 490,
    pages = {L127+},
      doi = {10.1086/311042},
   adsurl = {http://adsabs.harvard.edu/abs/1997ApJ...490L.127P},
  adsnote = {Provided by the SAO/NASA Astrophysics Data System}
}

@ARTICLE{nhg04,
   author = {{Neyrinck}, M.~C. and {Hamilton}, A.~J.~S. and {Gnedin}, N.~Y.
	},
    title = "{Understanding the PSCz galaxy power spectrum with N-body simulations}",
  journal = {\mnras},
   eprint = {arXiv:astro-ph/0302003},
 keywords = {methods: N-body simulations, galaxies: formation, galaxies: haloes, cosmology: theory, large-scale structure of Universe, infrared: galaxies},
     year = 2004,
    month = feb,
   volume = 348,
    pages = {1-11},
      doi = {10.1111/j.1365-2966.2004.07332.x},
   adsurl = {http://cdsads.u-strasbg.fr/abs/2004MNRAS.348....1N},
  adsnote = {Provided by the SAO/NASA Astrophysics Data System}
}

@ARTICLE{b01,
   author = {{Bertschinger}, E.},
    title = "{Multiscale Gaussian Random Fields and Their Application to Cosmological Simulations}",
  journal = {\apjs},
   eprint = {arXiv:astro-ph/0103301},
 keywords = {Cosmology: Theory, Methods: Numerical},
     year = 2001,
    month = nov,
   volume = 137,
    pages = {1-20},
      doi = {10.1086/322526},
   adsurl = {http://adsabs.harvard.edu/abs/2001ApJS..137....1B},
  adsnote = {Provided by the SAO/NASA Astrophysics Data System}
}

@ARTICLE{gh98,
   author = {{Gnedin}, N.~Y. and {Hui}, L.},
    title = "{Probing the Universe with the Lyalpha forest - I. Hydrodynamics of the low-density intergalactic medium}",
  journal = {\mnras},
   eprint = {arXiv:astro-ph/9706219},
 keywords = {HYDRODYNAMICS, METHODS: NUMERICAL, INTERGALACTIC MEDIUM, QUASARS: ABSORPTION LINES, COSMOLOGY: THEORY},
     year = 1998,
    month = may,
   volume = 296,
    pages = {44-55},
   adsurl = {http://adsabs.harvard.edu/abs/1998MNRAS.296...44G},
  adsnote = {Provided by the SAO/NASA Astrophysics Data System}
}

@ARTICLE{g03,
   author = {{Gnedin}, N.~Y. and {Baker}, E.~J. and {Bethell}, T.~J. and 
	{Drosback}, M.~M. and {Harford}, A.~G. and {Hicks}, A.~K. and 
	{Jensen}, A.~G. and {Keeney}, B.~A. and {Kelso}, C.~M. and {Neyrinck}, M.~C. and 
	{Pollack}, S.~E. and {van Vliet}, T.~P.},
    title = "{Linear Gas Dynamics in the Expanding Universe}",
  journal = {\apj},
   eprint = {arXiv:astro-ph/0206421},
 keywords = {Cosmology: Cosmic Microwave Background, Cosmology: Theory, Galaxies: Formation, Galaxies: Intergalactic Medium, Cosmology: Large-Scale Structure of Universe},
     year = 2003,
    month = feb,
   volume = 583,
    pages = {525-528},
      doi = {10.1086/345424},
   adsurl = {http://adsabs.harvard.edu/abs/2003ApJ...583..525G},
  adsnote = {Provided by the SAO/NASA Astrophysics Data System}
}

@ARTICLE{p68,
   author = {{Peebles}, P.~J.~E.},
    title = "{Recombination of the Primeval Plasma}",
  journal = {\apj},
     year = 1968,
    month = jul,
   volume = 153,
    pages = {1-+},
   adsurl = {http://adsabs.harvard.edu/abs/1968ApJ...153....1P},
  adsnote = {Provided by the SAO/NASA Astrophysics Data System}
}

@BOOK{peebles93,
   author = {{Peebles}, P.~J.~E.},
    title = "{Principles of Physical Cosmology}",
booktitle = {Principles of Physical Cosmology by P.J.E.~Peebles.~Princeton University Press, 1993.~ISBN: 978-0-691-01933-8},
     year = 1993,
   adsurl = {http://adsabs.harvard.edu/abs/1993ppc..book.....P},
  adsnote = {Provided by the SAO/NASA Astrophysics Data System}
}

@ARTICLE{carroll_etal92,
   author = {{Carroll}, S.~M. and {Press}, W.~H. and {Turner}, E.~L.},
    title = "{The cosmological constant}",
  journal = {\araa},
 keywords = {Cosmology, Gravitational Lenses, Hubble Constant, Relativistic Theory, Computational Astrophysics, Gravitational Fields, Universe},
     year = 1992,
   volume = 30,
    pages = {499-542},
      doi = {10.1146/annurev.aa.30.090192.002435},
   adsurl = {http://adsabs.harvard.edu/abs/1992ARA%26A..30..499C},
  adsnote = {Provided by the SAO/NASA Astrophysics Data System}
}

@BOOK{kolb_turner90,
   author = {{Kolb}, E.~W. and {Turner}, M.~S.},
    title = "{The early universe.}",
 keywords = {Elementary Particles: Early Universe, Elementary Particles: Cosmology},
booktitle = {Front.~Phys., Vol.~69,},
     year = 1990,
   adsurl = {http://adsabs.harvard.edu/abs/1990eaun.book.....K},
  adsnote = {Provided by the SAO/NASA Astrophysics Data System}
}

@ARTICLE{frieman_etal08,
   author = {{Frieman}, J.~A. and {Turner}, M.~S. and {Huterer}, D.},
    title = "{Dark Energy and the Accelerating Universe}",
  journal = {\araa},
archivePrefix = "arXiv",
   eprint = {0803.0982},
     year = 2008,
    month = sep,
   volume = 46,
    pages = {385-432},
      doi = {10.1146/annurev.astro.46.060407.145243},
   adsurl = {http://adsabs.harvard.edu/abs/2008ARA%26A..46..385F},
  adsnote = {Provided by the SAO/NASA Astrophysics Data System}
}

@ARTICLE{unterborn_ryden08,
   author = {{Unterborn}, C.~T. and {Ryden}, B.~S.},
    title = "{Inclination-Dependent Extinction Effects in Disk Galaxies in the Sloan Digital Sky Survey}",
  journal = {\apj},
archivePrefix = "arXiv",
   eprint = {0801.2400},
 keywords = {galaxies: fundamental parameters, galaxies: photometry, galaxies: spiral, galaxies: statistics},
     year = 2008,
    month = nov,
   volume = 687,
      eid = {976-985},
    pages = {976-985},
      doi = {10.1086/591898},
   adsurl = {http://adsabs.harvard.edu/abs/2008ApJ...687..976U},
  adsnote = {Provided by the SAO/NASA Astrophysics Data System}
}

@ARTICLE{schmidt63,
   author = {{Schmidt}, M.},
    title = "{3C 273 : A Star-Like Object with Large Red-Shift}",
  journal = {\nat},
     year = 1963,
    month = mar,
   volume = 197,
    pages = {1040},
      doi = {10.1038/1971040a0},
   adsurl = {http://adsabs.harvard.edu/abs/1963Natur.197.1040S},
  adsnote = {Provided by the SAO/NASA Astrophysics Data System}
}

@ARTICLE{schmidt15,
   author = {{Schmidt}, M.},
    title = "{Exploring the Universe}",
  journal = {\araa},
     year = 2015,
    month = aug,
   volume = 53,
    pages = {1-14},
      doi = {10.1146/annurev-astro-082214-122514},
   adsurl = {},
  adsnote = {Provided by the SAO/NASA Astrophysics Data System}
}

@ARTICLE{conroy13,
   author = {{Conroy}, C.},
    title = "{Modeling the Panchromatic Spectral Energy Distributions of Galaxies}",
  journal = {\araa},
archivePrefix = "arXiv",
   eprint = {1301.7095},
     year = 2013,
    month = aug,
   volume = 51,
    pages = {393-455},
      doi = {10.1146/annurev-astro-082812-141017},
   adsurl = {http://adsabs.harvard.edu/abs/2013ARA%26A..51..393C},
  adsnote = {Provided by the SAO/NASA Astrophysics Data System}
}

@ARTICLE{kirhakos_etal99,
   author = {{Kirhakos}, S. and {Bahcall}, J.~N. and {Schneider}, D.~P. and 
	{Kristian}, J.},
    title = "{The Host Galaxies of Three Radio-loud Quasars: 3C 48, 3C 345, and B2 1425+267}",
  journal = {\apj},
   eprint = {astro-ph/9902175},
 keywords = {GALAXIES: INTERACTIONS, GALAXIES: STRUCTURE, GALAXIES: QUASARS: GENERAL, RADIO CONTINUUM: GALAXIES, Galaxies: Interactions, Galaxies: Structure, Galaxies: Quasars: General, Radio Continuum: Galaxies},
     year = 1999,
    month = jul,
   volume = 520,
    pages = {67-77},
      doi = {10.1086/307430},
   adsurl = {http://adsabs.harvard.edu/abs/1999ApJ...520...67K},
  adsnote = {Provided by the SAO/NASA Astrophysics Data System}
}

@ARTICLE{maller_etal09,
   author = {{Maller}, A.~H. and {Berlind}, A.~A. and {Blanton}, M.~R. and 
	{Hogg}, D.~W.},
    title = "{The Intrinsic Properties of SDSS Galaxies}",
  journal = {\apj},
archivePrefix = "arXiv",
   eprint = {0801.3286},
 keywords = {galaxies: clusters: general, galaxies: statistics, methods: statistical, surveys},
     year = 2009,
    month = jan,
   volume = 691,
    pages = {394-406},
      doi = {10.1088/0004-637X/691/1/394},
   adsurl = {http://adsabs.harvard.edu/abs/2009ApJ...691..394M},
  adsnote = {Provided by the SAO/NASA Astrophysics Data System}
}

@ARTICLE{driver_etal07,
   author = {{Driver}, S.~P. and {Popescu}, C.~C. and {Tuffs}, R.~J. and 
	{Liske}, J. and {Graham}, A.~W. and {Allen}, P.~D. and {de Propris}, R.
	},
    title = "{The Millennium Galaxy Catalogue: the B-band attenuation of bulge and disc light and the implied cosmic dust and stellar mass densities}",
  journal = {\mnras},
archivePrefix = "arXiv",
   eprint = {0704.2140},
 keywords = {dust, extinction, galaxies: fundamental parameters, galaxies: photometry, galaxies: spiral, galaxies: structure},
     year = 2007,
    month = aug,
   volume = 379,
    pages = {1022-1036},
      doi = {10.1111/j.1365-2966.2007.11862.x},
   adsurl = {http://adsabs.harvard.edu/abs/2007MNRAS.379.1022D},
  adsnote = {Provided by the SAO/NASA Astrophysics Data System}
}

@ARTICLE{freedman_madore10,
   author = {{Freedman}, W.~L. and {Madore}, B.~F.},
    title = "{The Hubble Constant}",
  journal = {\araa},
archivePrefix = "arXiv",
   eprint = {1004.1856},
 primaryClass = "astro-ph.CO",
     year = 2010,
    month = sep,
   volume = 48,
    pages = {673-710},
      doi = {10.1146/annurev-astro-082708-101829},
   adsurl = {http://adsabs.harvard.edu/abs/2010ARA%26A..48..673F},
  adsnote = {Provided by the SAO/NASA Astrophysics Data System}
}

@ARTICLE{jacoby_etal92,
   author = {{Jacoby}, G.~H. and {Branch}, D. and {Ciardullo}, R. and {Davies}, R.~L. and 
	{Harris}, W.~E. and {Pierce}, M.~J. and {Pritchet}, C.~J. and 
	{Tonry}, J.~L. and {Welch}, D.~L.},
    title = "{A critical review of selected techniques for measuring extragalactic distances}",
  journal = {\pasp},
 keywords = {Astrometry, Distance Measuring Equipment, Galaxies, Cepheid Variables, Elliptical Galaxies, Globular Clusters, Novae, Planetary Nebulae, Supernovae},
     year = 1992,
    month = aug,
   volume = 104,
    pages = {599-662},
      doi = {10.1086/133035},
   adsurl = {http://adsabs.harvard.edu/abs/1992PASP..104..599J},
  adsnote = {Provided by the SAO/NASA Astrophysics Data System}
}

@ARTICLE{jacoby_etal84,
   author = {{Jacoby}, G.~H. and {Hunter}, D.~A. and {Christian}, C.~A.},
    title = "{A library of stellar spectra}",
  journal = {\apjs},
 keywords = {Astronomical Catalogs, Stellar Spectra, Stellar Spectrophotometry, Color, Interstellar Extinction, Star Clusters},
     year = 1984,
    month = oct,
   volume = 56,
    pages = {257-281},
      doi = {10.1086/190983},
   adsurl = {http://adsabs.harvard.edu/abs/1984ApJS...56..257J},
  adsnote = {Provided by the SAO/NASA Astrophysics Data System}
}


@ARTICLE{baldry_etal04,
   author = {{Baldry}, I.~K. and {Glazebrook}, K. and {Brinkmann}, J. and 
	{Ivezi{\'c}}, {\v Z}. and {Lupton}, R.~H. and {Nichol}, R.~C. and 
	{Szalay}, A.~S.},
    title = "{Quantifying the Bimodal Color-Magnitude Distribution of Galaxies}",
  journal = {\apj},
   eprint = {astro-ph/0309710},
 keywords = {Galaxies: Evolution, Galaxies: Fundamental Parameters, Galaxies: Luminosity Function, Mass Function, Galaxies: Photometry},
     year = 2004,
    month = jan,
   volume = 600,
    pages = {681-694},
      doi = {10.1086/380092},
   adsurl = {http://adsabs.harvard.edu/abs/2004ApJ...600..681B},
  adsnote = {Provided by the SAO/NASA Astrophysics Data System}
}

@ARTICLE{hogg_etal04,
   author = {{Hogg}, D.~W. and {Blanton}, M.~R. and {Brinchmann}, J. and 
	{Eisenstein}, D.~J. and {Schlegel}, D.~J. and {Gunn}, J.~E. and 
	{McKay}, T.~A. and {Rix}, H.-W. and {Bahcall}, N.~A. and {Brinkmann}, J. and 
	{Meiksin}, A.},
    title = "{The Dependence on Environment of the Color-Magnitude Relation of Galaxies}",
  journal = {\apjl},
   eprint = {astro-ph/0307336},
 keywords = {Cosmology: Observations, Galaxies: Clusters: General, Galaxies: Elliptical and Lenticular, cD, Galaxies: Evolution, Galaxies: Fundamental Parameters, Galaxies: Statistics},
     year = 2004,
    month = jan,
   volume = 601,
    pages = {L29-L32},
      doi = {10.1086/381749},
   adsurl = {http://adsabs.harvard.edu/abs/2004ApJ...601L..29H},
  adsnote = {Provided by the SAO/NASA Astrophysics Data System}
}


@ARTICLE{kauffmann_etal03b,
   author = {{Kauffmann}, G. and {Heckman}, T.~M. and {White}, S.~D.~M. and 
	{Charlot}, S. and {Tremonti}, C. and {Peng}, E.~W. and {Seibert}, M. and 
	{Brinkmann}, J. and {Nichol}, R.~C. and {SubbaRao}, M. and {York}, D.
	},
    title = "{The dependence of star formation history and internal structure on stellar mass for 10$^{5}$ low-redshift galaxies}",
  journal = {\mnras},
   eprint = {astro-ph/0205070},
 keywords = {galaxies: evolution, galaxies: formation, galaxies: stellar content},
     year = 2003,
    month = may,
   volume = 341,
    pages = {54-69},
      doi = {10.1046/j.1365-8711.2003.06292.x},
   adsurl = {http://adsabs.harvard.edu/abs/2003MNRAS.341...54K},
  adsnote = {Provided by the SAO/NASA Astrophysics Data System}
}


@ARTICLE{kauffmann_etal03a,
   author = {{Kauffmann}, G. and {Heckman}, T.~M. and {White}, S.~D.~M. and 
	{Charlot}, S. and {Tremonti}, C. and {Brinchmann}, J. and {Bruzual}, G. and 
	{Peng}, E.~W. and {Seibert}, M. and {Bernardi}, M. and {Blanton}, M. and 
	{Brinkmann}, J. and {Castander}, F. and {Cs{\'a}bai}, I. and 
	{Fukugita}, M. and {Ivezic}, Z. and {Munn}, J.~A. and {Nichol}, R.~C. and 
	{Padmanabhan}, N. and {Thakar}, A.~R. and {Weinberg}, D.~H. and 
	{York}, D.},
    title = "{Stellar masses and star formation histories for 10$^{5}$ galaxies from the Sloan Digital Sky Survey}",
  journal = {\mnras},
   eprint = {astro-ph/0204055},
 keywords = {galaxies: evolution, galaxies: formation, galaxies: stellar content},
     year = 2003,
    month = may,
   volume = 341,
    pages = {33-53},
      doi = {10.1046/j.1365-8711.2003.06291.x},
   adsurl = {http://adsabs.harvard.edu/abs/2003MNRAS.341...33K},
  adsnote = {Provided by the SAO/NASA Astrophysics Data System}
}

@ARTICLE{schawinski_etal14,
   author = {{Schawinski}, K. and {Urry}, C.~M. and {Simmons}, B.~D. and 
	{Fortson}, L. and {Kaviraj}, S. and {Keel}, W.~C. and {Lintott}, C.~J. and 
	{Masters}, K.~L. and {Nichol}, R.~C. and {Sarzi}, M. and {Skibba}, R. and 
	{Treister}, E. and {Willett}, K.~W. and {Wong}, O.~I. and {Yi}, S.~K.
	},
    title = "{The green valley is a red herring: Galaxy Zoo reveals two evolutionary pathways towards quenching of star formation in early- and late-type galaxies}",
  journal = {\mnras},
archivePrefix = "arXiv",
   eprint = {1402.4814},
 primaryClass = "astro-ph.GA",
 keywords = {galaxies: active, galaxies: elliptical and lenticular, cD, galaxies: evolution, galaxies: spiral},
     year = 2014,
    month = may,
   volume = 440,
    pages = {889-907},
      doi = {10.1093/mnras/stu327},
   adsurl = {http://adsabs.harvard.edu/abs/2014MNRAS.440..889S},
  adsnote = {Provided by the SAO/NASA Astrophysics Data System}
}


@ARTICLE{van_den_bergh97,
   author = {{van den Bergh}, S.},
    title = "{Some Musings on Galaxy Classification}",
  journal = {\aj},
   eprint = {astro-ph/9703164},
 keywords = {GALAXIES: FUNDAMENTAL PARAMETERS},
     year = 1997,
    month = jun,
   volume = 113,
    pages = {2054},
      doi = {10.1086/118417},
   adsurl = {http://adsabs.harvard.edu/abs/1997AJ....113.2054V},
  adsnote = {Provided by the SAO/NASA Astrophysics Data System}
}


@ARTICLE{kennicutt92,
   author = {{Kennicutt}, Jr., R.~C.},
    title = "{The integrated spectra of nearby galaxies - General properties and emission-line spectra}",
  journal = {\apj},
 keywords = {Astronomical Spectroscopy, Emission Spectra, H Alpha Line, Line Spectra, Peculiar Galaxies, Active Galactic Nuclei, Irregular Galaxies, Spiral Galaxies, Star Formation Rate, Starburst Galaxies},
     year = 1992,
    month = apr,
   volume = 388,
    pages = {310-327},
      doi = {10.1086/171154},
   adsurl = {http://adsabs.harvard.edu/abs/1992ApJ...388..310K},
  adsnote = {Provided by the SAO/NASA Astrophysics Data System}
}

@ARTICLE{kennicutt92b,
   author = {{Kennicutt}, Jr., R.~C.},
    title = "{A spectrophotometric atlas of galaxies}",
  journal = {\apjs},
 keywords = {Astronomical Catalogs, Astronomical Photometry, Astronomical Spectroscopy, Elliptical Galaxies, Spiral Galaxies, Starburst Galaxies, Absorption Spectra, Emission Spectra, Irregular Galaxies, Seyfert Galaxies, Sky Surveys (Astronomy), Spectral Resolution},
     year = 1992,
    month = apr,
   volume = 79,
    pages = {255-284},
      doi = {10.1086/191653},
   adsurl = {http://adsabs.harvard.edu/abs/1992ApJS...79..255K},
  adsnote = {Provided by the SAO/NASA Astrophysics Data System}
}

@ARTICLE{huertas_company_etal15,
   author = {{Huertas-Company}, M. and {Gravet}, R. and {Cabrera-Vives}, G. and 
	{P{\'e}rez-Gonz{\'a}lez}, P.~G. and {Kartaltepe}, J.~S. and 
	{Barro}, G. and {Bernardi}, M. and {Mei}, S. and {Shankar}, F. and 
	{Dimauro}, P. and {Bell}, E.~F. and {Kocevski}, D. and {Koo}, D.~C. and 
	{Faber}, S.~M. and {Mcintosh}, D.~H.},
    title = "{A Catalog of Visual-like Morphologies in the 5 CANDELS Fields Using Deep Learning}",
  journal = {\apjs},
archivePrefix = "arXiv",
   eprint = {1509.05429},
 keywords = {catalogs, galaxies: high-redshift, galaxies: structure, surveys},
     year = 2015,
    month = nov,
   volume = 221,
      eid = {8},
    pages = {8},
      doi = {10.1088/0067-0049/221/1/8},
   adsurl = {http://adsabs.harvard.edu/abs/2015ApJS..221....8H},
  adsnote = {Provided by the SAO/NASA Astrophysics Data System}
}

@ARTICLE{bernardi_etal10,
   author = {{Bernardi}, M. and {Shankar}, F. and {Hyde}, J.~B. and {Mei}, S. and 
	{Marulli}, F. and {Sheth}, R.~K.},
    title = "{Galaxy luminosities, stellar masses, sizes, velocity dispersions as a function of morphological type}",
  journal = {\mnras},
archivePrefix = "arXiv",
   eprint = {0910.1093},
 keywords = {galaxies: formation, galaxies: haloes, dark matter, large-scale structure of Universe},
     year = 2010,
    month = jun,
   volume = 404,
    pages = {2087-2122},
      doi = {10.1111/j.1365-2966.2010.16425.x},
   adsurl = {http://adsabs.harvard.edu/abs/2010MNRAS.404.2087B},
  adsnote = {Provided by the SAO/NASA Astrophysics Data System}
}

@ARTICLE{bernardi_etal14,
   author = {{Bernardi}, M. and {Meert}, A. and {Vikram}, V. and {Huertas-Company}, M. and 
	{Mei}, S. and {Shankar}, F. and {Sheth}, R.~K.},
    title = "{Systematic effects on the size-luminosity relations of early- and late-type galaxies: dependence on model fitting and morphology}",
  journal = {\mnras},
 keywords = {galaxies: bulges, galaxies: elliptical and lenticular, cD, galaxies: evolution, galaxies: fundamental parameters, galaxies: photometry},
     year = 2014,
    month = sep,
   volume = 443,
    pages = {874-897},
      doi = {10.1093/mnras/stu1106},
   adsurl = {http://adsabs.harvard.edu/abs/2014MNRAS.443..874B},
  adsnote = {Provided by the SAO/NASA Astrophysics Data System}
}

@ARTICLE{moustakas_etal13,
   author = {{Moustakas}, J. and {Coil}, A.~L. and {Aird}, J. and {Blanton}, M.~R. and 
	{Cool}, R.~J. and {Eisenstein}, D.~J. and {Mendez}, A.~J. and 
	{Wong}, K.~C. and {Zhu}, G. and {Arnouts}, S.},
    title = "{PRIMUS: Constraints on Star Formation Quenching and Galaxy Merging, and the Evolution of the Stellar Mass Function from z = 0-1}",
  journal = {\apj},
archivePrefix = "arXiv",
   eprint = {1301.1688},
 primaryClass = "astro-ph.CO",
 keywords = {galaxies: evolution, galaxies: high-redshift, large-scale structure of universe, surveys},
     year = 2013,
    month = apr,
   volume = 767,
      eid = {50},
    pages = {50},
      doi = {10.1088/0004-637X/767/1/50},
   adsurl = {http://adsabs.harvard.edu/abs/2013ApJ...767...50M},
  adsnote = {Provided by the SAO/NASA Astrophysics Data System}
}

@ARTICLE{bernardi_etal13,
   author = {{Bernardi}, M. and {Meert}, A. and {Sheth}, R.~K. and {Vikram}, V. and 
	{Huertas-Company}, M. and {Mei}, S. and {Shankar}, F.},
    title = "{The massive end of the luminosity and stellar mass functions: dependence on the fit to the light profile}",
  journal = {\mnras},
archivePrefix = "arXiv",
   eprint = {1304.7778},
 primaryClass = "astro-ph.CO",
 keywords = {galaxies: fundamental parameters, galaxies: luminosity function, mass function, galaxies: photometry},
     year = 2013,
    month = nov,
   volume = 436,
    pages = {697-704},
      doi = {10.1093/mnras/stt1607},
   adsurl = {http://adsabs.harvard.edu/abs/2013MNRAS.436..697B},
  adsnote = {Provided by the SAO/NASA Astrophysics Data System}
}


@ARTICLE{huang_etal13,
   author = {{Huang}, S. and {Ho}, L.~C. and {Peng}, C.~Y. and {Li}, Z.-Y. and 
	{Barth}, A.~J.},
    title = "{The Carnegie-Irvine Galaxy Survey. III. The Three-component Structure of Nearby Elliptical Galaxies}",
  journal = {\apj},
archivePrefix = "arXiv",
   eprint = {1212.2639},
 primaryClass = "astro-ph.CO",
 keywords = {galaxies: elliptical and lenticular, cD, galaxies: formation, galaxies: photometry, galaxies: structure},
     year = 2013,
    month = mar,
   volume = 766,
      eid = {47},
    pages = {47},
      doi = {10.1088/0004-637X/766/1/47},
   adsurl = {http://adsabs.harvard.edu/abs/2013ApJ...766...47H},
  adsnote = {Provided by the SAO/NASA Astrophysics Data System}
}

@ARTICLE{mancone_gonzalez12,
   author = {{Mancone}, C.~L. and {Gonzalez}, A.~H.},
    title = "{EzGal: A Flexible Interface for Stellar Population Synthesis Models}",
  journal = {\pasp},
archivePrefix = "arXiv",
   eprint = {1205.0009},
 primaryClass = "astro-ph.IM",
 keywords = {Data Analysis and Techniques},
     year = 2012,
    month = jun,
   volume = 124,
    pages = {606-615},
      doi = {10.1086/666502},
   adsurl = {http://adsabs.harvard.edu/abs/2012PASP..124..606M},
  adsnote = {Provided by the SAO/NASA Astrophysics Data System}
}

@ARTICLE{mcgaugh05,
   author = {{McGaugh}, S.~S.},
    title = "{The Baryonic Tully-Fisher Relation of Galaxies with Extended Rotation Curves and the Stellar Mass of Rotating Galaxies}",
  journal = {\apj},
   eprint = {astro-ph/0506750},
 keywords = {Cosmology: Dark Matter, Galaxies: Kinematics and Dynamics, Galaxies: Spiral},
     year = 2005,
    month = oct,
   volume = 632,
    pages = {859-871},
      doi = {10.1086/432968},
   adsurl = {http://adsabs.harvard.edu/abs/2005ApJ...632..859M},
  adsnote = {Provided by the SAO/NASA Astrophysics Data System}
}

@ARTICLE{bigiel_blitz12,
   author = {{Bigiel}, F. and {Blitz}, L.},
    title = "{A Universal Neutral Gas Profile for nearby Disk Galaxies}",
  journal = {\apj},
archivePrefix = "arXiv",
   eprint = {1208.1505},
 keywords = {galaxies: evolution, galaxies: ISM},
     year = 2012,
    month = sep,
   volume = 756,
      eid = {183},
    pages = {183},
      doi = {10.1088/0004-637X/756/2/183},
   adsurl = {http://adsabs.harvard.edu/abs/2012ApJ...756..183B},
  adsnote = {Provided by the SAO/NASA Astrophysics Data System}
}

@ARTICLE{wang_etal14,
   author = {{Wang}, J. and {Fu}, J. and {Aumer}, M. and {Kauffmann}, G. and 
	{J{\'o}zsa}, G.~I.~G. and {Serra}, P. and {Huang}, M.-l. and 
	{Brinchmann}, J. and {van der Hulst}, T. and {Bigiel}, F.},
    title = "{An observational and theoretical view of the radial distribution of H I gas in galaxies}",
  journal = {\mnras},
archivePrefix = "arXiv",
   eprint = {1401.8164},
 keywords = {galaxies: evolution, galaxies: ISM, galaxies: spiral},
     year = 2014,
    month = jul,
   volume = 441,
    pages = {2159-2172},
      doi = {10.1093/mnras/stu649},
   adsurl = {http://adsabs.harvard.edu/abs/2014MNRAS.441.2159W},
  adsnote = {Provided by the SAO/NASA Astrophysics Data System}
}

@ARTICLE{kravtsov13,
   author = {{Kravtsov}, A.~V.},
    title = "{The Size-Virial Radius Relation of Galaxies}",
  journal = {\apjl},
archivePrefix = "arXiv",
   eprint = {1212.2980},
 primaryClass = "astro-ph.CO",
 keywords = {galaxies: formation, galaxies: halos, galaxies: structure },
     year = 2013,
    month = feb,
   volume = 764,
      eid = {L31},
    pages = {L31},
      doi = {10.1088/2041-8205/764/2/L31},
   adsurl = {http://adsabs.harvard.edu/abs/2013ApJ...764L..31K},
  adsnote = {Provided by the SAO/NASA Astrophysics Data System}
}

@ARTICLE{metropolis_etal53,
   author = {{Metropolis}, N. and {Rosenbluth}, A.~W. and {Rosenbluth}, M.~N. and 
	{Teller}, A.~H. and {Teller}, E.},
    title = "{Equation of State Calculations by Fast Computing Machines}",
  journal = {\jcp},
     year = 1953,
    month = jun,
   volume = 21,
    pages = {1087-1092},
      doi = {10.1063/1.1699114},
   adsurl = {http://adsabs.harvard.edu/abs/1953JChPh..21.1087M},
  adsnote = {Provided by the SAO/NASA Astrophysics Data System}
}

@ARTICLE{hastings70,
   author = {{Hastings}, W.K.},
    title = "{Monte Carlo Sampling Methods Using Markov Chains and Their Applications}",
  journal = {Biometrika},
     year = 1970,
   volume = 57,
    pages = {97-109}
}

@ARTICLE{gelman_rubin92,
 author = {{Gelman}, A. and {Rubin}, D.B.},
 title = "{Inference from iterative simulation using multiple sequences}",
 journal = {Statistical Science},
 volume = 7,
 pages = {457-511},
 year = 1992,
 note="\url{http://www.stat.columbia.edu/~gelman/research/published/itsim.pdf}"
}

@ARTICLE{giakoumatos_etal99,
 author = {{Giakoumatos}, S.G. and {Vrontos}, I.D. and {Dellaportas}, P. and {Politis} D.N.},
 title = "{An MCMC Convergence Diagnostic using Subsampling}",
 journal = { J. Comput. Graph. Statistics},
 volume = 8,
 pages = {431-451},
 year = {1999}
}

@ARTICLE{lewis13,
   author = {{Lewis}, A.},
    title = "{Efficient sampling of fast and slow cosmological parameters}",
  journal = {\prd},
archivePrefix = "arXiv",
   eprint = {1304.4473},
 primaryClass = "astro-ph.CO",
 keywords = {Cosmology, Background radiations, Observational cosmology},
     year = 2013,
    month = may,
   volume = 87,
   number = 10,
      eid = {103529},
    pages = {103529},
      doi = {10.1103/PhysRevD.87.103529},
   adsurl = {http://adsabs.harvard.edu/abs/2013PhRvD..87j3529L},
  adsnote = {Provided by the SAO/NASA Astrophysics Data System}
}


@ARTICLE{anderson_etal14,
   author = {{Anderson}, L. and {Aubourg}, {\'E}. and {Bailey}, S. and {et al.}},
    title = "{The clustering of galaxies in the SDSS-III Baryon Oscillation Spectroscopic Survey: baryon acoustic oscillations in the Data Releases 10 and 11 Galaxy samples}",
  journal = {\mnras},
archivePrefix = "arXiv",
   eprint = {1312.4877},
 keywords = {cosmological parameters, cosmology: observations, dark energy, distance scale, large-scale structure of Universe},
     year = 2014,
    month = jun,
   volume = 441,
    pages = {24-62},
      doi = {10.1093/mnras/stu523},
   adsurl = {http://adsabs.harvard.edu/abs/2014MNRAS.441...24A},
  adsnote = {Provided by the SAO/NASA Astrophysics Data System}
}


@ARTICLE{dunkley_etal05,
   author = {{Dunkley}, J. and {Bucher}, M. and {Ferreira}, P.~G. and {Moodley}, K. and 
	{Skordis}, C.},
    title = "{Fast and reliable Markov chain Monte Carlo technique for cosmological parameter estimation}",
  journal = {\mnras},
   eprint = {astro-ph/0405462},
 keywords = {methods: data analysis, methods: statistical, cosmic microwave background},
     year = 2005,
    month = jan,
   volume = 356,
    pages = {925-936},
      doi = {10.1111/j.1365-2966.2004.08464.x},
   adsurl = {http://adsabs.harvard.edu/abs/2005MNRAS.356..925D},
  adsnote = {Provided by the SAO/NASA Astrophysics Data System}
}

@ARTICLE{brooks_gelman98,
 author = {{Brooks}, S.P. and {Gelman}, A.},
 title = "{General Methods for Monitoring Convergence of Iterative Simulations}",
 journal = {Journal of Computational and Graphical Statistics},
 volume = 7,
 number=4,
 pages = {434-455},
 year = 1998,
 note="\url{http://www.stat.columbia.edu/~gelman/research/published/brooksgelman2.pdf}"
}

@article {goodman_weare10,
    author       = {Goodman, Jonathan and Weare, Jonathan},
    title        = {Ensemble samplers with affine invariance.},
    year         = {2010},
    journal      = {Communications in Applied Mathematics and Computational Science},
    volume       = {5},
    number       = {1},
    issn         = {1559-3940},
    pages        = {65-80},
    publisher    = {Mathematical Sciences Publishers (MSP), Berkeley, CA},
    doi          = {10.2140/camcos.2010.5.65},
    abstract     = {Summary: We propose a family of Markov chain Monte Carlo (MCMC) methods whose performance is unaffected by affine tranformations of space. These algorithms are easy to construct and require little or no additional computational overhead. They should be particularly useful for sampling badly scaled distributions. Computational tests show that the affine invariant methods can be significantly faster than standard MCMC methods on highly skewed distributions.},
    identifier   = {05709093},
}

@ARTICLE{hogg99,
   author = {{Hogg}, D.~W.},
    title = "{Distance measures in cosmology}",
  journal = {{\tt arXiv/9905116}},
   eprint = {astro-ph/9905116},
 keywords = {Astrophysics},
     year = 1999,
    month = may,
   adsurl = {http://adsabs.harvard.edu/abs/1999astro.ph..5116H},
  adsnote = {Provided by the SAO/NASA Astrophysics Data System}
}

@ARTICLE{foreman_mackey_etal13,
   author = {{Foreman-Mackey}, D. and {Hogg}, D.~W. and {Lang}, D. and {Goodman}, J.},
    title = "{emcee: The MCMC Hammer}",
  journal = {\pasp},
archivePrefix = "arXiv",
   eprint = {1202.3665},
 primaryClass = "astro-ph.IM",
     year = 2013,
    month = mar,
   volume = 125,
    pages = {306-312},
      doi = {10.1086/670067},
   adsurl = {http://adsabs.harvard.edu/abs/2013PASP..125..306F},
  adsnote = {Provided by the SAO/NASA Astrophysics Data System}
}



@ARTICLE{dagostini05,
   author = {{D'Agostini}, G.},
    title = "{Fits, and especially linear fits, with errors on both axes, extra variance of the data points and other complications}",
  journal = {{\tt physics/0511182}},
   eprint = {physics/0511182},
 keywords = {Physics - Data Analysis, Statistics and Probability, Astrophysics},
     year = 2005,
    month = nov,
   adsurl = {http://adsabs.harvard.edu/abs/2005physics..11182D},
  adsnote = {Provided by the SAO/NASA Astrophysics Data System}
}

@ARTICLE{vikhlinin_etal09,
   author = {{Vikhlinin}, A. and {Burenin}, R.~A. and {Ebeling}, H. and {Forman}, W.~R. and 
	{Hornstrup}, A. and {Jones}, C. and {Kravtsov}, A.~V. and {Murray}, S.~S. and 
	{Nagai}, D. and {Quintana}, H. and {Voevodkin}, A.},
    title = "{Chandra Cluster Cosmology Project. II. Samples and X-Ray Data Reduction}",
  journal = {\apj},
archivePrefix = "arXiv",
   eprint = {0805.2207},
 keywords = {catalogs, galaxies: clusters: general, surveys, X-rays: galaxies},
     year = 2009,
    month = feb,
   volume = 692,
    pages = {1033-1059},
      doi = {10.1088/0004-637X/692/2/1033},
   adsurl = {http://adsabs.harvard.edu/abs/2009ApJ...692.1033V},
  adsnote = {Provided by the SAO/NASA Astrophysics Data System}
}

@ARTICLE{licquia_etal15,
   author = {{Licquia}, T.~C. and {Newman}, J.~A. and {Brinchmann}, J.},
    title = "{Unveiling the Milky Way: A New Technique for Determining the Optical Color and Luminosity of Our Galaxy}",
  journal = {\apj},
archivePrefix = "arXiv",
   eprint = {1508.04446},
 keywords = {Galaxy: evolution, Galaxy: fundamental parameters, Galaxy: stellar content, methods: statistical, stars: formation},
     year = 2015,
    month = aug,
   volume = 809,
      eid = {96},
    pages = {96},
      doi = {10.1088/0004-637X/809/1/96},
   adsurl = {http://adsabs.harvard.edu/abs/2015ApJ...809...96L},
  adsnote = {Provided by the SAO/NASA Astrophysics Data System}
}

@ARTICLE{licquia_newman15,
   author = {{Licquia}, T.~C. and {Newman}, J.~A.},
    title = "{Improved Estimates of the Milky Way's Stellar Mass and Star Formation Rate from Hierarchical Bayesian Meta-Analysis}",
  journal = {\apj},
archivePrefix = "arXiv",
   eprint = {1407.1078},
 keywords = {Galaxy: bulge, Galaxy: disk, Galaxy: fundamental parameters, Galaxy: stellar content, methods: statistical, stars: formation},
     year = 2015,
    month = jun,
   volume = 806,
      eid = {96},
    pages = {96},
      doi = {10.1088/0004-637X/806/1/96},
   adsurl = {http://adsabs.harvard.edu/abs/2015ApJ...806...96L},
  adsnote = {Provided by the SAO/NASA Astrophysics Data System}
}

@ARTICLE{smolcic_etal06,
   author = {{Smol{\v c}i{\'c}}, V. and {Ivezi{\'c}}, {\v Z}. and {Ga{\'c}e{\v s}a}, M. and 
	{Rakos}, K. and {Pavlovski}, K. and {Iliji{\'c}}, S. and {Obri{\'c}}, M. and 
	{Lupton}, R.~H. and {Schlegel}, D. and {Kauffmann}, G. and {Tremonti}, C. and 
	{Brinchmann}, J. and {Charlot}, S. and {Heckman}, T.~M. and 
	{Knapp}, G.~R. and {Gunn}, J.~E. and {Brinkmann}, J. and {Csabai}, I. and 
	{Fukugita}, M. and {Loveday}, J.},
    title = "{The rest-frame optical colours of 99000 Sloan Digital Sky Survey galaxies}",
  journal = {\mnras},
 keywords = {methods: statistical , surveys , galaxies: fundamental parameters , galaxies: Seyfert , galaxies: statistics},
     year = 2006,
    month = sep,
   volume = 371,
    pages = {121-137},
      doi = {10.1111/j.1365-2966.2006.10662.x},
   adsurl = {http://adsabs.harvard.edu/abs/2006MNRAS.371..121S},
  adsnote = {Provided by the SAO/NASA Astrophysics Data System}
}

@ARTICLE{hoekstra_etal15,
   author = {{Hoekstra}, H. and {Herbonnet}, R. and {Muzzin}, A. and {Babul}, A. and 
	{Mahdavi}, A. and {Viola}, M. and {Cacciato}, M.},
    title = "{The Canadian Cluster Comparison Project: detailed study of systematics and updated weak lensing masses}",
  journal = {{\mnras} submitted ({\tt arXiv/1502.01883})},
archivePrefix = "arXiv",
   eprint = {1502.01883},
 keywords = {Astrophysics - Cosmology and Nongalactic Astrophysics},
     year = 2015,
    month = feb,
   adsurl = {http://adsabs.harvard.edu/abs/2015arXiv150201883H},
  adsnote = {Provided by the SAO/NASA Astrophysics Data System}
}

@ARTICLE{gregory_thompson78,
   author = {{Gregory}, S.~A. and {Thompson}, L.~A.},
    title = "{The Coma/A1367 supercluster and its environs}",
  journal = {\apj},
 keywords = {Galactic Clusters, Galactic Structure, Red Shift, Spatial Distribution, Contours, Galactic Radiation, Luminous Intensity, Morphology, Population Theory},
     year = 1978,
    month = jun,
   volume = 222,
    pages = {784-799},
      doi = {10.1086/156198},
   adsurl = {http://adsabs.harvard.edu/abs/1978ApJ...222..784G},
  adsnote = {Provided by the SAO/NASA Astrophysics Data System}
}

@ARTICLE{faber_jackson76,
   author = {{Faber}, S.~M. and {Jackson}, R.~E.},
    title = "{Velocity dispersions and mass-to-light ratios for elliptical galaxies}",
  journal = {\apj},
 keywords = {Elliptical Galaxies, Galactic Nuclei, Mass To Light Ratios, Power Spectra, Velocity Distribution, Astronomical Spectroscopy, Data Reduction, Light (Visible Radiation), M Stars, Noise Spectra, Spectral Line Width},
     year = 1976,
    month = mar,
   volume = 204,
    pages = {668-683},
      doi = {10.1086/154215},
   adsurl = {http://adsabs.harvard.edu/abs/1976ApJ...204..668F},
  adsnote = {Provided by the SAO/NASA Astrophysics Data System}
}

@ARTICLE{dressler_etal87,
   author = {{Dressler}, A. and {Lynden-Bell}, D. and {Burstein}, D. and 
{Davies}, R.~L. and {Faber}, S.~M. and {Terlevich}, R. and {Wegner}, G.},
    title = "{Spectroscopy and photometry of elliptical galaxies. I - A new distance estimator}",
  journal = {\apj},
 keywords = {Astrometry, Astronomical Photometry, Astronomical Spectroscopy, Distance, Elliptical Galaxies, Galactic Clusters, Galactic Rotation, Local Group (Astronomy), Luminosity, Sky Surveys (Astronomy)},
     year = 1987,
    month = feb,
   volume = 313,
    pages = {42-58},
      doi = {10.1086/164947},
   adsurl = {http://adsabs.harvard.edu/abs/1987ApJ...313...42D},
  adsnote = {Provided by the SAO/NASA Astrophysics Data System}
}},

@ARTICLE{djorgovski_davis87,
   author = {{Djorgovski}, S. and {Davis}, M.},
    title = "{Fundamental properties of elliptical galaxies}",
  journal = {\apj},
 keywords = {Astronomical Photometry, Elliptical Galaxies, Galactic Rotation, Galactic Structure, Cosmology, Galactic Evolution, Mass To Light Ratios, Velocity Distribution},
     year = 1987,
    month = feb,
   volume = 313,
    pages = {59-68},
      doi = {10.1086/164948},
   adsurl = {http://adsabs.harvard.edu/abs/1987ApJ...313...59D},
  adsnote = {Provided by the SAO/NASA Astrophysics Data System}
}

@ARTICLE{assef_etal10,
   author = {{Assef}, R.~J. and {Kochanek}, C.~S. and {Brodwin}, M. and {Cool}, R. and 
	{Forman}, W. and {Gonzalez}, A.~H. and {Hickox}, R.~C. and {Jones}, C. and 
	{Le Floc'h}, E. and {Moustakas}, J. and {Murray}, S.~S. and 
	{Stern}, D.},
    title = "{Low-Resolution Spectral Templates for Active Galactic Nuclei and Galaxies from 0.03 to 30 {$\mu$}m}",
  journal = {\apj},
archivePrefix = "arXiv",
   eprint = {0909.3849},
 primaryClass = "astro-ph.CO",
 keywords = {galaxies: active, galaxies: distances and redshifts, galaxies: photometry, quasars: general},
     year = 2010,
    month = apr,
   volume = 713,
    pages = {970-985},
      doi = {10.1088/0004-637X/713/2/970},
   adsurl = {http://adsabs.harvard.edu/abs/2010ApJ...713..970A},
  adsnote = {Provided by the SAO/NASA Astrophysics Data System}
}

@ARTICLE{lake_wright16,
   author = {{Lake}, S.~E. and {Wright}, E.~L.},
    title = "{$K$-corrections: an Examination of their Contribution to the Uncertainty of Luminosity Measurements}",
  journal = {{\apj} submitted (arXiv/1603.07299)},
archivePrefix = "arXiv",
   eprint = {1603.07299},
 keywords = {Astrophysics - Astrophysics of Galaxies, Astrophysics - Instrumentation and Methods for Astrophysics, Physics - Data Analysis, Statistics and Probability},
     year = 2016,
    month = mar,
   adsurl = {http://adsabs.harvard.edu/abs/2016arXiv160307299L},
  adsnote = {Provided by the SAO/NASA Astrophysics Data System}
}

@ARTICLE{bovy_rix13,
   author = {{Bovy}, J. and {Rix}, H.-W.},
    title = "{A Direct Dynamical Measurement of the Milky Way's Disk Surface Density Profile, Disk Scale Length, and Dark Matter Profile at 4 kpc $\lt$\~{} R $\lt$\~{} 9 kpc}",
  journal = {\apj},
archivePrefix = "arXiv",
   eprint = {1309.0809},
 primaryClass = "astro-ph.GA",
 keywords = {Galaxy: abundances, Galaxy: disk, Galaxy: fundamental parameters, Galaxy: kinematics and dynamics, Galaxy: structure, solar neighborhood},
     year = 2013,
    month = dec,
   volume = 779,
      eid = {115},
    pages = {115},
      doi = {10.1088/0004-637X/779/2/115},
   adsurl = {http://adsabs.harvard.edu/abs/2013ApJ...779..115B},
  adsnote = {Provided by the SAO/NASA Astrophysics Data System}
}

@ARTICLE{hyde_bernardi09,
   author = {{Hyde}, J.~B. and {Bernardi}, M.},
    title = "{Curvature in the scaling relations of early-type galaxies}",
  journal = {\mnras},
archivePrefix = "arXiv",
   eprint = {0810.4922},
 keywords = {methods: analytical , galaxies: formation , galaxies: haloes , dark matter , large-scale structure of Universe},
     year = 2009,
    month = apr,
   volume = 394,
    pages = {1978-1990},
      doi = {10.1111/j.1365-2966.2009.14445.x},
   adsurl = {http://adsabs.harvard.edu/abs/2009MNRAS.394.1978H},
  adsnote = {Provided by the SAO/NASA Astrophysics Data System}
}